######## Useful Tools and Code #######

#PDG
@article{ParticleDataGroup:2024cfk,
    author = "Navas, S. and others",
    collaboration = "Particle Data Group",
    title = "{Review of particle physics}",
    doi = "10.1103/PhysRevD.110.030001",
    journal = "Phys. Rev. D",
    volume = "110",
    number = "3",
    pages = "030001",
    year = "2024"
}

#Package X
@article{Patel:2016fam,
    author = "Patel, Hiren H.",
    title = "{Package-X 2.0: A Mathematica package for the analytic calculation of one-loop integrals}",
    eprint = "1612.00009",
    archivePrefix = "arXiv",
    primaryClass = "hep-ph",
    doi = "10.1016/j.cpc.2017.04.015",
    journal = "Comput. Phys. Commun.",
    volume = "218",
    pages = "66--70",
    year = "2017"
}

#FeynRules
@article{Alloul:2013bka,
    author = "Alloul, Adam and Christensen, Neil D. and Degrande, C\'eline and Duhr, Claude and Fuks, Benjamin",
    title = "{FeynRules  2.0 - A complete toolbox for tree-level phenomenology}",
    eprint = "1310.1921",
    archivePrefix = "arXiv",
    primaryClass = "hep-ph",
    reportNumber = "CERN-PH-TH-2013-239, MCNET-13-14, IPPP-13-71, DCPT-13-142, PITT-PACC-1308",
    doi = "10.1016/j.cpc.2014.04.012",
    journal = "Comput. Phys. Commun.",
    volume = "185",
    pages = "2250--2300",
    year = "2014"
}

#MadGraph
@article{Alwall:2011uj,
    author = "Alwall, Johan and Herquet, Michel and Maltoni, Fabio and Mattelaer, Olivier and Stelzer, Tim",
    title = "{MadGraph 5 : Going Beyond}",
    eprint = "1106.0522",
    archivePrefix = "arXiv",
    primaryClass = "hep-ph",
    reportNumber = "FERMILAB-PUB-11-448-T",
    doi = "10.1007/JHEP06(2011)128",
    journal = "JHEP",
    volume = "06",
    pages = "128",
    year = "2011"
}

#Delphes
@article{deFavereau:2013fsa,
    author = "de Favereau, J. and Delaere, C. and Demin, P. and Giammanco, A. and Lema\^\i{}tre, V. and Mertens, A. and Selvaggi, M.",
    collaboration = "DELPHES 3",
    title = "{DELPHES 3, A modular framework for fast simulation of a generic collider experiment}",
    eprint = "1307.6346",
    archivePrefix = "arXiv",
    primaryClass = "hep-ex",
    doi = "10.1007/JHEP02(2014)057",
    journal = "JHEP",
    volume = "02",
    pages = "057",
    year = "2014"
}

# DigitizeIt
@misc{DigitizeIt,
  author       = {Bormann, Ingo},
  title        = {{DigitizeIt} - Digitizing software for graphs, plots and maps},
  year         = {2025},
  url          = {https://www.digitizeit.xyz}
}

####### Useful results ######
@article{Passarino:1978jh,
    author = "Passarino, G. and Veltman, M. J. G.",
    title = "{One Loop Corrections for e+ e- Annihilation Into mu+ mu- in the Weinberg Model}",
    reportNumber = "Print-79-0284 (UTRECHT)",
    doi = "10.1016/0550-3213(79)90234-7",
    journal = "Nucl. Phys. B",
    volume = "160",
    pages = "151--207",
    year = "1979"
}

@article{Nowakowski:2004cv,
    author = "Nowakowski, Marek and Paschos, E. A. and Rodriguez, J. M.",
    title = "{All electromagnetic form-factors}",
    eprint = "physics/0402058",
    archivePrefix = "arXiv",
    doi = "10.1088/0143-0807/26/4/001",
    journal = "Eur. J. Phys.",
    volume = "26",
    pages = "545--560",
    year = "2005"
}

@article{Ellis:2011cr,
    author = "Ellis, R. Keith and Kunszt, Zoltan and Melnikov, Kirill and Zanderighi, Giulia",
    title = "{One-loop calculations in quantum field theory: from Feynman diagrams to unitarity cuts}",
    eprint = "1105.4319",
    archivePrefix = "arXiv",
    primaryClass = "hep-ph",
    reportNumber = "FERMILAB-PUB-11-195-T",
    doi = "10.1016/j.physrep.2012.01.008",
    journal = "Phys. Rept.",
    volume = "518",
    pages = "141--250",
    year = "2012"
}

@article{Feldman:1997qc,
    author = "Feldman, Gary J. and Cousins, Robert D.",
    title = "{A Unified approach to the classical statistical analysis of small signals}",
    eprint = "physics/9711021",
    archivePrefix = "arXiv",
    reportNumber = "HUTP-97-A096",
    doi = "10.1103/PhysRevD.57.3873",
    journal = "Phys. Rev. D",
    volume = "57",
    pages = "3873--3889",
    year = "1998"
}

######## Neutrino physics ########

@article{Bahcall:1964gx,
    author = "Bahcall, John N.",
    title = "{Solar neutrinos. I: Theoretical}",
    doi = "10.1103/PhysRevLett.12.300",
    journal = "Phys. Rev. Lett.",
    volume = "12",
    pages = "300--302",
    year = "1964"
}

@article{Minkowski:1977sc,
    author = "Minkowski, Peter",
    title = "{$\mu \to e\gamma$ at a Rate of One Out of $10^{9}$ Muon Decays?}",
    reportNumber = "Print-77-0182 (BERN)",
    doi = "10.1016/0370-2693(77)90435-X",
    journal = "Phys. Lett. B",
    volume = "67",
    pages = "421--428",
    year = "1977"
}

@article{Magg:1980ut,
    author = "Magg, M. and Wetterich, C.",
    title = "{Neutrino Mass Problem and Gauge Hierarchy}",
    reportNumber = "CERN-TH-2829",
    doi = "10.1016/0370-2693(80)90825-4",
    journal = "Phys. Lett. B",
    volume = "94",
    pages = "61--64",
    year = "1980"
}

@article{Davis:1968cp,
    author = "Davis, Jr., Raymond and Harmer, Don S. and Hoffman, Kenneth C.",
    title = "{Search for neutrinos from the sun}",
    doi = "10.1103/PhysRevLett.20.1205",
    journal = "Phys. Rev. Lett.",
    volume = "20",
    pages = "1205--1209",
    year = "1968"
}

@article{Mohapatra:2004fj,
    author = "Mohapatra, R. N.",
    editor = {Bergstr\"om, L. and Botner, O. and Carlson, P. and Hulth, P. O. and Ohlsson, T.},
    title = "{Neutrino mass and grand unification}",
    eprint = "hep-ph/0412050",
    archivePrefix = "arXiv",
    doi = "10.1088/0031-8949/2005/T121/029",
    journal = "Phys. Scripta T",
    volume = "121",
    pages = "185--191",
    year = "2005"
}


@article{Super-Kamiokande:1998kpq,
    author = "Fukuda, Y. and others",
    collaboration = "Super-Kamiokande",
    title = "{Evidence for oscillation of atmospheric neutrinos}",
    eprint = "hep-ex/9807003",
    archivePrefix = "arXiv",
    reportNumber = "BU-98-17, ICRR-REPORT-422-98-18, UCI-98-8, KEK-PREPRINT-98-95, LSU-HEPA-5-98, UMD-98-003, SBHEP-98-5, TKU-PAP-98-06, TIT-HPE-98-09",
    doi = "10.1103/PhysRevLett.81.1562",
    journal = "Phys. Rev. Lett.",
    volume = "81",
    pages = "1562--1567",
    year = "1998"
}

@inproceedings{Oser:2001rh,
    author = "Oser, S. M.",
    collaboration = "SNO",
    title = "{Neutrino oscillation results from the Sudbury Neutrino Observatory}",
    booktitle = "{31st International Conference on High Energy Physics}",
    pages = "8--17",
    month = "12",
    year = "2001"
}

######## LFV Theory and Pheno ########

# General #

@article{Bilenky:1977du,
    author = "Bilenky, Samoil M. and Petcov, S. T. and Pontecorvo, B.",
    title = "{Lepton Mixing, mu --\ensuremath{>} e + gamma Decay and Neutrino Oscillations}",
    reportNumber = "JINR-E2-10374",
    doi = "10.1016/0370-2693(77)90379-3",
    journal = "Phys. Lett. B",
    volume = "67",
    pages = "309",
    year = "1977"
}

@article{Lindner:2016bgg,
    author = "Lindner, Manfred and Platscher, Moritz and Queiroz, Farinaldo S.",
    title = "{A Call for New Physics : The Muon Anomalous Magnetic Moment and Lepton Flavor Violation}",
    eprint = "1610.06587",
    archivePrefix = "arXiv",
    primaryClass = "hep-ph",
    doi = "10.1016/j.physrep.2017.12.001",
    journal = "Phys. Rept.",
    volume = "731",
    pages = "1--82",
    year = "2018"
}


# 2HDM #


@article{Aoki:2009ha,
    author = "Aoki, Mayumi and Kanemura, Shinya and Tsumura, Koji and Yagyu, Kei",
    title = "{Models of Yukawa interaction in the two Higgs doublet model, and their collider phenomenology}",
    eprint = "0902.4665",
    archivePrefix = "arXiv",
    primaryClass = "hep-ph",
    reportNumber = "TU-839, UT-HET-022, IC-2009-007",
    doi = "10.1103/PhysRevD.80.015017",
    journal = "Phys. Rev. D",
    volume = "80",
    pages = "015017",
    year = "2009"
}

@article{Branco:2011iw,
    author = "Branco, G. C. and Ferreira, P. M. and Lavoura, L. and Rebelo, M. N. and Sher, Marc and Silva, Joao P.",
    title = "{Theory and phenomenology of two-Higgs-doublet models}",
    eprint = "1106.0034",
    archivePrefix = "arXiv",
    primaryClass = "hep-ph",
    doi = "10.1016/j.physrep.2012.02.002",
    journal = "Phys. Rept.",
    volume = "516",
    pages = "1--102",
    year = "2012"
}

@article{Wang:2022yhm,
    author = "Wang, Lei and Yang, Jin Min and Zhang, Yang",
    title = "{Two-Higgs-doublet models in light of current experiments: a brief review}",
    eprint = "2203.07244",
    archivePrefix = "arXiv",
    primaryClass = "hep-ph",
    doi = "10.1088/1572-9494/ac7fe9",
    journal = "Commun. Theor. Phys.",
    volume = "74",
    number = "9",
    pages = "097202",
    year = "2022"
}


@article{Glashow:1976nt,
    author = "Glashow, Sheldon L. and Weinberg, Steven",
    title = "{Natural Conservation Laws for Neutral Currents}",
    reportNumber = "HUTP-76-A158",
    doi = "10.1103/PhysRevD.15.1958",
    journal = "Phys. Rev. D",
    volume = "15",
    pages = "1958",
    year = "1977"
}

@article{Paschos:1976ay,
    author = "Paschos, E. A.",
    title = "{Diagonal Neutral Currents}",
    reportNumber = "BNL-21870",
    doi = "10.1103/PhysRevD.15.1966",
    journal = "Phys. Rev. D",
    volume = "15",
    pages = "1966",
    year = "1977"
}

# FV in 2HDM

@article{Harnik:2012pb,
    author = "Harnik, Roni and Kopp, Joachim and Zupan, Jure",
    title = "{Flavor Violating Higgs Decays}",
    eprint = "1209.1397",
    archivePrefix = "arXiv",
    primaryClass = "hep-ph",
    reportNumber = "FERMILAB-PUB-12-498-T",
    doi = "10.1007/JHEP03(2013)026",
    journal = "JHEP",
    volume = "03",
    pages = "026",
    year = "2013"
}

@article{Primulando:2019ydt,
    author = "Primulando, R. and Julio, J. and Uttayarat, P.",
    title = "{Collider Constraints on Lepton Flavor Violation in the 2HDM}",
    eprint = "1912.08533",
    archivePrefix = "arXiv",
    primaryClass = "hep-ph",
    doi = "10.1103/PhysRevD.101.055021",
    journal = "Phys. Rev. D",
    volume = "101",
    number = "5",
    pages = "055021",
    year = "2020"
}


#neutrino mass explanation
@article{Ma:2000cc,
    author = "Ma, Ernest",
    title = "{Naturally small seesaw neutrino mass with no new physics beyond the TeV scale}",
    eprint = "hep-ph/0011121",
    archivePrefix = "arXiv",
    reportNumber = "UCRHEP-T291",
    doi = "10.1103/PhysRevLett.86.2502",
    journal = "Phys. Rev. Lett.",
    volume = "86",
    pages = "2502--2504",
    year = "2001"
}

@article{Gabriel:2006ns,
    author = "Gabriel, S. and Nandi, S.",
    title = "{A New two Higgs doublet model}",
    eprint = "hep-ph/0610253",
    archivePrefix = "arXiv",
    reportNumber = "OSU-HEP-06-6",
    doi = "10.1016/j.physletb.2007.04.062",
    journal = "Phys. Lett. B",
    volume = "655",
    pages = "141--147",
    year = "2007"
}

@article{Wang:2006jy,
    author = "Wang, Fei and Wang, Wenyu and Yang, Jin Min",
    title = "{Split two-Higgs-doublet model and neutrino condensation}",
    eprint = "hep-ph/0601018",
    archivePrefix = "arXiv",
    doi = "10.1209/epl/i2006-10293-3",
    journal = "EPL",
    volume = "76",
    pages = "388--394",
    year = "2006"
}

#dark matter

@article{Ma:2006km,
    author = "Ma, Ernest",
    title = "{Verifiable radiative seesaw mechanism of neutrino mass and dark matter}",
    eprint = "hep-ph/0601225",
    archivePrefix = "arXiv",
    reportNumber = "UCRHEP-T403",
    doi = "10.1103/PhysRevD.73.077301",
    journal = "Phys. Rev. D",
    volume = "73",
    pages = "077301",
    year = "2006"
}

@article{Aoki:2008av,
    author = "Aoki, Mayumi and Kanemura, Shinya and Seto, Osamu",
    title = "{Neutrino mass, Dark Matter and Baryon Asymmetry via TeV-Scale Physics without Fine-Tuning}",
    eprint = "0807.0361",
    archivePrefix = "arXiv",
    primaryClass = "hep-ph",
    reportNumber = "UT-HET-011, IFT-UAM-CSIC-08-40",
    doi = "10.1103/PhysRevLett.102.051805",
    journal = "Phys. Rev. Lett.",
    volume = "102",
    pages = "051805",
    year = "2009"
}

@article{Barbieri:2006dq,
    author = "Barbieri, Riccardo and Hall, Lawrence J. and Rychkov, Vyacheslav S.",
    title = "{Improved naturalness with a heavy Higgs: An Alternative road to LHC physics}",
    eprint = "hep-ph/0603188",
    archivePrefix = "arXiv",
    reportNumber = "UCB-PTH-06-04, LBNL-59894",
    doi = "10.1103/PhysRevD.74.015007",
    journal = "Phys. Rev. D",
    volume = "74",
    pages = "015007",
    year = "2006"
}

@article{Ma:2006fn,
    author = "Ma, Ernest",
    title = "{Common origin of neutrino mass, dark matter, and baryogenesis}",
    eprint = "hep-ph/0605180",
    archivePrefix = "arXiv",
    reportNumber = "UCRHEP-T410-MAY-2006",
    doi = "10.1142/S0217732306021141",
    journal = "Mod. Phys. Lett. A",
    volume = "21",
    pages = "1777--1782",
    year = "2006"
}


#lepton specific 

@article{Cao:2009as,
    author = "Cao, Junjie and Wan, Peihua and Wu, Lei and Yang, Jin Min",
    title = "{Lepton-Specific Two-Higgs Doublet Model: Experimental Constraints and Implication on Higgs Phenomenology}",
    eprint = "0909.5148",
    archivePrefix = "arXiv",
    primaryClass = "hep-ph",
    doi = "10.1103/PhysRevD.80.071701",
    journal = "Phys. Rev. D",
    volume = "80",
    pages = "071701",
    year = "2009"
}


# Froggatt Nielsen #

#Original
@article{Froggatt:1978nt,
    author = "Froggatt, C. D. and Nielsen, Holger Bech",
    title = "{Hierarchy of Quark Masses, Cabibbo Angles and CP Violation}",
    reportNumber = "CERN-TH-2519",
    doi = "10.1016/0550-3213(79)90316-X",
    journal = "Nucl. Phys. B",
    volume = "147",
    pages = "277--298",
    year = "1979"
}

# ALPs in FN models
@article{Greljo:2024evt,
    author = "Greljo, Admir and Smolkovi\v{c}, Aleks and Valenti, Alessandro",
    title = "{Froggatt-Nielsen ALP}",
    eprint = "2407.02998",
    archivePrefix = "arXiv",
    primaryClass = "hep-ph",
    doi = "10.1007/JHEP09(2024)174",
    journal = "JHEP",
    volume = "09",
    pages = "174",
    year = "2024"
}

@article{Calibbi:2016hwq,
    author = "Calibbi, Lorenzo and Goertz, Florian and Redigolo, Diego and Ziegler, Robert and Zupan, Jure",
    title = "{Minimal axion model from flavor}",
    eprint = "1612.08040",
    archivePrefix = "arXiv",
    primaryClass = "hep-ph",
    reportNumber = "TTP16-058, CERN-TH-2016-261",
    doi = "10.1103/PhysRevD.95.095009",
    journal = "Phys. Rev. D",
    volume = "95",
    number = "9",
    pages = "095009",
    year = "2017"
}

@article{Ema:2016ops,
    author = "Ema, Yohei and Hamaguchi, Koichi and Moroi, Takeo and Nakayama, Kazunori",
    title = "{Flaxion: a minimal extension to solve puzzles in the standard model}",
    eprint = "1612.05492",
    archivePrefix = "arXiv",
    primaryClass = "hep-ph",
    reportNumber = "UT-16-36, IPMU16-0189",
    doi = "10.1007/JHEP01(2017)096",
    journal = "JHEP",
    volume = "01",
    pages = "096",
    year = "2017"
}

#Probing LFV in FN models
@article{Cornella:2024jaw,
    author = "Cornella, Claudia and Curtin, David and Krnjaic, Gordan and Mellors, Micah",
    title = "{Testing the Froggatt-Nielsen Mechanism with Lepton Violation}",
    eprint = "2501.00629",
    archivePrefix = "arXiv",
    primaryClass = "hep-ph",
    reportNumber = "FERMILAB-PUB-25-0010-T, CERN-TH-2024-215",
    month = "12",
    year = "2024"
}

# Axion # 

#PQ
@article{Peccei:1977hh,
    author = "Peccei, R. D. and Quinn, Helen R.",
    title = "{CP Conservation in the Presence of Instantons}",
    reportNumber = "ITP-568-STANFORD",
    doi = "10.1103/PhysRevLett.38.1440",
    journal = "Phys. Rev. Lett.",
    volume = "38",
    pages = "1440--1443",
    year = "1977"
}

@article{Peccei:1977ur,
    author = "Peccei, R. D. and Quinn, Helen R.",
    title = "{Constraints Imposed by CP Conservation in the Presence of Instantons}",
    reportNumber = "ITP-572-STANFORD",
    doi = "10.1103/PhysRevD.16.1791",
    journal = "Phys. Rev. D",
    volume = "16",
    pages = "1791--1797",
    year = "1977"
}

#DFSZ
@article{Dine:1981rt,
    author = "Dine, Michael and Fischler, Willy and Srednicki, Mark",
    title = "{A Simple Solution to the Strong CP Problem with a Harmless Axion}",
    reportNumber = "Print-81-0320 (IAS,PRINCETON)",
    doi = "10.1016/0370-2693(81)90590-6",
    journal = "Phys. Lett. B",
    volume = "104",
    pages = "199--202",
    year = "1981"
}
@article{Zhitnitsky:1980tq,
    author = "Zhitnitsky, A. R.",
    title = "{On Possible Suppression of the Axion Hadron Interactions. (In Russian)}",
    journal = "Sov. J. Nucl. Phys.",
    volume = "31",
    pages = "260",
    year = "1980"
}

#KSVZ
@article{Kim:1979if,
    author = "Kim, Jihn E.",
    title = "{Weak Interaction Singlet and Strong CP Invariance}",
    reportNumber = "UPR-0120T",
    doi = "10.1103/PhysRevLett.43.103",
    journal = "Phys. Rev. Lett.",
    volume = "43",
    pages = "103",
    year = "1979"
}

@article{Shifman:1979if,
    author = "Shifman, Mikhail A. and Vainshtein, A. I. and Zakharov, Valentin I.",
    title = "{Can Confinement Ensure Natural CP Invariance of Strong Interactions?}",
    reportNumber = "ITEP-64-1979",
    doi = "10.1016/0550-3213(80)90209-6",
    journal = "Nucl. Phys. B",
    volume = "166",
    pages = "493--506",
    year = "1980"
}

# axion dark matter
@inproceedings{Adams:2022pbo,
    author = "Adams, C. B. and others",
    title = "{Axion Dark Matter}",
    booktitle = "{Snowmass 2021}",
    eprint = "2203.14923",
    archivePrefix = "arXiv",
    primaryClass = "hep-ex",
    reportNumber = "FERMILAB-CONF-22-996-PPD-T",
    month = "3",
    year = "2022"
}

# ALP reviews

@inproceedings{Ringwald:2014vqa,
    author = "Ringwald, A.",
    title = "{Axions and Axion-Like Particles}",
    booktitle = "{49th Rencontres de Moriond on Electroweak Interactions and Unified Theories}",
    eprint = "1407.0546",
    archivePrefix = "arXiv",
    primaryClass = "hep-ph",
    reportNumber = "DESY-14-108",
    pages = "223--230",
    year = "2014"
}

@article{Choi:2020rgn,
    author = "Choi, Kiwoon and Im, Sang Hui and Sub Shin, Chang",
    title = "{Recent Progress in the Physics of Axions and Axion-Like Particles}",
    eprint = "2012.05029",
    archivePrefix = "arXiv",
    primaryClass = "hep-ph",
    reportNumber = "CTPU-PTC-20-28",
    doi = "10.1146/annurev-nucl-120720-031147",
    journal = "Ann. Rev. Nucl. Part. Sci.",
    volume = "71",
    pages = "225--252",
    year = "2021"
}

# Composite ALPs

@article{Kribs:2016cew,
    author = "Kribs, Graham D. and Neil, Ethan T.",
    title = "{Review of strongly-coupled composite dark matter models and lattice simulations}",
    eprint = "1604.04627",
    archivePrefix = "arXiv",
    primaryClass = "hep-ph",
    doi = "10.1142/S0217751X16430041",
    journal = "Int. J. Mod. Phys. A",
    volume = "31",
    number = "22",
    pages = "1643004",
    year = "2016"
}

@article{Davoudiasl:2017zws,
    author = "Davoudiasl, Hooman and Giardino, Pier Paolo and Neil, Ethan T. and Rinaldi, Enrico",
    title = "{Unified Scenario for Composite Right-Handed Neutrinos and Dark Matter}",
    eprint = "1709.01082",
    archivePrefix = "arXiv",
    primaryClass = "hep-ph",
    reportNumber = "RBRC-1250",
    doi = "10.1103/PhysRevD.96.115003",
    journal = "Phys. Rev. D",
    volume = "96",
    number = "11",
    pages = "115003",
    year = "2017"
}


# (LFV) ALPs 
@article{Georgi:1986df,
    author = "Georgi, Howard and Kaplan, David B. and Randall, Lisa",
    title = "{Manifesting the Invisible Axion at Low-energies}",
    reportNumber = "HUTP-86/A004",
    doi = "10.1016/0370-2693(86)90688-X",
    journal = "Phys. Lett. B",
    volume = "169",
    pages = "73--78",
    year = "1986"
}

@article{Bauer:2017ris,
    author = "Bauer, Martin and Neubert, Matthias and Thamm, Andrea",
    title = "{Collider Probes of Axion-Like Particles}",
    eprint = "1708.00443",
    archivePrefix = "arXiv",
    primaryClass = "hep-ph",
    reportNumber = "MITP-17-047",
    doi = "10.1007/JHEP12(2017)044",
    journal = "JHEP",
    volume = "12",
    pages = "044",
    year = "2017"
}

@article{Cornella:2019uxs,
    author = "Cornella, Claudia and Paradisi, Paride and Sumensari, Olcyr",
    title = "{Hunting for ALPs with Lepton Flavor Violation}",
    eprint = "1911.06279",
    archivePrefix = "arXiv",
    primaryClass = "hep-ph",
    reportNumber = "ZU-TH 46/19",
    doi = "10.1007/JHEP01(2020)158",
    journal = "JHEP",
    volume = "01",
    pages = "158",
    year = "2020"
}

@article{Bauer:2019gfk,
    author = "Bauer, Martin and Neubert, Matthias and Renner, Sophie and Schnubel, Marvin and Thamm, Andrea",
    title = "{Axionlike Particles, Lepton-Flavor Violation, and a New Explanation of $a_\mu$ and $a_e$}",
    eprint = "1908.00008",
    archivePrefix = "arXiv",
    primaryClass = "hep-ph",
    reportNumber = "CERN-TH-2019-124, IPPP/19/64, MITP/19-053",
    doi = "10.1103/PhysRevLett.124.211803",
    journal = "Phys. Rev. Lett.",
    volume = "124",
    number = "21",
    pages = "211803",
    year = "2020"
}


@article{Bauer:2020jbp,
    author = "Bauer, Martin and Neubert, Matthias and Renner, Sophie and Schnubel, Marvin and Thamm, Andrea",
    title = "{The Low-Energy Effective Theory of Axions and ALPs}",
    eprint = "2012.12272",
    archivePrefix = "arXiv",
    primaryClass = "hep-ph",
    reportNumber = "IPPP/20/69, MITP/20-070 SISSA 30/2020/FISI, ZH-TH-47/20",
    doi = "10.1007/JHEP04(2021)063",
    journal = "JHEP",
    volume = "04",
    pages = "063",
    year = "2021"
}

@article{Bauer:2021mvw,
    author = "Bauer, Martin and Neubert, Matthias and Renner, Sophie and Schnubel, Marvin and Thamm, Andrea",
    title = "{Flavor probes of axion-like particles}",
    eprint = "2110.10698",
    archivePrefix = "arXiv",
    primaryClass = "hep-ph",
    reportNumber = "MITP/21-025, CERN-TH-2021-148, IPPP/21/37",
    doi = "10.1007/JHEP09(2022)056",
    journal = "JHEP",
    volume = "09",
    pages = "056",
    year = "2022"
}

@article{Buen-Abad:2021fwq,
    author = "Buen-Abad, Manuel A. and Fan, JiJi and Reece, Matthew and Sun, Chen",
    title = "{Challenges for an axion explanation of the muon $g - 2$ measurement}",
    eprint = "2104.03267",
    archivePrefix = "arXiv",
    primaryClass = "hep-ph",
    doi = "10.1007/JHEP09(2021)101",
    journal = "JHEP",
    volume = "09",
    pages = "101",
    year = "2021"
}

@article{Neubert:2024jal,
    author = "Neubert, Matthias and Schnubel, Marvin",
    title = "{Two-loop contributions of axion-like particles to electromagnetic and chromomagnetic form factors}",
    eprint = "2403.00913",
    archivePrefix = "arXiv",
    primaryClass = "hep-ph",
    reportNumber = "MITP-24-033",
    doi = "10.1140/epjc/s10052-024-12881-9",
    journal = "Eur. Phys. J. C",
    volume = "84",
    number = "6",
    pages = "571",
    year = "2024"
}


# Gauged U(1) Models #

@article{Caputo:2021eaa,
    author = "Caputo, Andrea and Millar, Alexander J. and O'Hare, Ciaran A. J. and Vitagliano, Edoardo",
    title = "{Dark photon limits: A handbook}",
    eprint = "2105.04565",
    archivePrefix = "arXiv",
    primaryClass = "hep-ph",
    reportNumber = "NORDITA-2021-036",
    doi = "10.1103/PhysRevD.104.095029",
    journal = "Phys. Rev. D",
    volume = "104",
    number = "9",
    pages = "095029",
    year = "2021"
}

@article{Foot:1990mn,
    author = "Foot, Robert",
    title = "{New Physics From Electric Charge Quantization?}",
    reportNumber = "MAD/TH/90-14",
    doi = "10.1142/S0217732391000543",
    journal = "Mod. Phys. Lett. A",
    volume = "6",
    pages = "527--530",
    year = "1991"
}

@article{He:1990pn,
    author = "He, X. G. and Joshi, Girish C. and Lew, H. and Volkas, R. R.",
    title = "{NEW Z-prime PHENOMENOLOGY}",
    reportNumber = "UM-P-90/42, OZ-P-90/16",
    doi = "10.1103/PhysRevD.43.R22",
    journal = "Phys. Rev. D",
    volume = "43",
    pages = "22--24",
    year = "1991"
}

@article{He:1991qd,
    author = "He, Xiao-Gang and Joshi, Girish C. and Lew, H. and Volkas, R. R.",
    title = "{Simplest Z-prime model}",
    reportNumber = "CERN-TH-6084-91, UM-P-91-32, OZ-91-07",
    doi = "10.1103/PhysRevD.44.2118",
    journal = "Phys. Rev. D",
    volume = "44",
    pages = "2118--2132",
    year = "1991"
}

# U(1) L(mu) - L(tau)

@article{Ma:2001md,
    author = "Ma, Ernest and Roy, D. P. and Roy, Sourov",
    title = "{Gauged L(mu) - L(tau) with large muon anomalous magnetic moment and the bimaximal mixing of neutrinos}",
    eprint = "hep-ph/0110146",
    archivePrefix = "arXiv",
    reportNumber = "UCRHEP-T320, TIFR-TH-01-39",
    doi = "10.1016/S0370-2693(01)01428-9",
    journal = "Phys. Lett. B",
    volume = "525",
    pages = "101--106",
    year = "2002"
}

@article{Harigaya:2013twa,
    author = "Harigaya, Keisuke and Igari, Takafumi and Nojiri, Mihoko M. and Takeuchi, Michihisa and Tobe, Kazuhiro",
    title = "{Muon g-2 and LHC phenomenology in the $L_\mu-L_\tau$ gauge symmetric model}",
    eprint = "1311.0870",
    archivePrefix = "arXiv",
    primaryClass = "hep-ph",
    reportNumber = "KCL-PH-TH-2013-37, KEK-TH-1684, IPMU-13-0213",
    doi = "10.1007/JHEP03(2014)105",
    journal = "JHEP",
    volume = "03",
    pages = "105",
    year = "2014"
}

@article{Heeck:2011wj,
    author = "Heeck, Julian and Rodejohann, Werner",
    title = "{Gauged  $L_\mu  -  L_\tau$  Symmetry  at  the  Electroweak  Scale}",
    eprint = "1107.5238",
    archivePrefix = "arXiv",
    primaryClass = "hep-ph",
    doi = "10.1103/PhysRevD.84.075007",
    journal = "Phys. Rev. D",
    volume = "84",
    pages = "075007",
    year = "2011"
}


# U(1)_{B-L}
@article{Mohapatra:1980qe,
    author = "Mohapatra, Rabindra N. and Marshak, R. E.",
    title = "{Local B-L Symmetry of Electroweak Interactions, Majorana Neutrinos and Neutron Oscillations}",
    reportNumber = "VPI-HEP-80/1",
    doi = "10.1103/PhysRevLett.44.1316",
    journal = "Phys. Rev. Lett.",
    volume = "44",
    pages = "1316--1319",
    year = "1980",
    note = "[Erratum: Phys.Rev.Lett. 44, 1643 (1980)]"
}

@article{Buchmuller:1991ce,
    author = "Buchmuller, W. and Greub, C. and Minkowski, P.",
    title = "{Neutrino masses, neutral vector bosons and the scale of B-L breaking}",
    reportNumber = "DESY-91-053",
    doi = "10.1016/0370-2693(91)90952-M",
    journal = "Phys. Lett. B",
    volume = "267",
    pages = "395--399",
    year = "1991"
}

@article{Cahill:1999pq,
    author = "Cahill, Kevin E.",
    title = "{B L neutrinos}",
    eprint = "hep-ph/9912508",
    archivePrefix = "arXiv",
    reportNumber = "NMCPP-99-19",
    month = "12",
    year = "1999"
}


@article{Dong:2024lvs,
    author = "Dong, Xing-Xing and Zhao, Shu-Min and Huo, Jia-Peng and Wang, Tong-Tong and Feng, Tai-Fu",
    title = "{Charged lepton flavor violation in the B-L symmetric SSM}",
    eprint = "2402.19131",
    archivePrefix = "arXiv",
    primaryClass = "hep-ph",
    doi = "10.1103/PhysRevD.109.055019",
    journal = "Phys. Rev. D",
    volume = "109",
    number = "5",
    pages = "055019",
    year = "2024"
}

@article{Huo:2024puy,
    author = "Huo, Jia-Peng and Dong, Xing-Xing and Ma, Jiao and Zhao, Shu-Min and Guo, Cai and Zhang, Hai-Bin and Yang, Jin-Lei and Feng, Tai-Fu",
    title = "{Lepton flavor violating decays Zli\ensuremath{\pm}lj\ensuremath{\mp} in the B-L Supersymmetric Standard Model}",
    eprint = "2406.03108",
    archivePrefix = "arXiv",
    primaryClass = "hep-ph",
    doi = "10.1088/1361-6471/ada04e",
    journal = "J. Phys. G",
    volume = "52",
    number = "2",
    pages = "025006",
    year = "2025"
}

# charged U(1) scalars

@article{Ordell:2020yoq,
    author = "Ordell, Astrid and Pasechnik, Roman and Ser\^odio, Hugo",
    title = "{Anomaly-free 2HDMs with a gauged abelian symmetry and two generations of right-handed neutrinos}",
    eprint = "2006.08676",
    archivePrefix = "arXiv",
    primaryClass = "hep-ph",
    reportNumber = "LU-TP 20-28",
    doi = "10.1103/PhysRevD.102.035016",
    journal = "Phys. Rev. D",
    volume = "102",
    number = "3",
    pages = "035016",
    year = "2020"
}

######## LFV scalars and ALPs #####

@article{Calibbi:2020jvd,
    author = "Calibbi, Lorenzo and Redigolo, Diego and Ziegler, Robert and Zupan, Jure",
    title = "{Looking forward to lepton-flavor-violating ALPs}",
    eprint = "2006.04795",
    archivePrefix = "arXiv",
    primaryClass = "hep-ph",
    reportNumber = "P3H-20-024, TTP20-025",
    doi = "10.1007/JHEP09(2021)173",
    journal = "JHEP",
    volume = "09",
    pages = "173",
    year = "2021"
}


@article{Escribano:2020wua,
    author = "Escribano, Pablo and Vicente, Avelino",
    title = "{Ultralight scalars in leptonic observables}",
    eprint = "2008.01099",
    archivePrefix = "arXiv",
    primaryClass = "hep-ph",
    reportNumber = "IFIC/20-40",
    doi = "10.1007/JHEP03(2021)240",
    journal = "JHEP",
    volume = "03",
    pages = "240",
    year = "2021"
}

@article{Dev:2017ftk,
    author = "Dev, P. S. Bhupal and Mohapatra, Rabindra N. and Zhang, Yongchao",
    title = "{Lepton Flavor Violation Induced by a Neutral Scalar at Future Lepton Colliders}",
    eprint = "1711.08430",
    archivePrefix = "arXiv",
    primaryClass = "hep-ph",
    doi = "10.1103/PhysRevLett.120.221804",
    journal = "Phys. Rev. Lett.",
    volume = "120",
    number = "22",
    pages = "221804",
    year = "2018"
}

@article{Isidori:2012ts,
    author = "Isidori, Gino and Straub, David M.",
    title = "{Minimal Flavour Violation and Beyond}",
    eprint = "1202.0464",
    archivePrefix = "arXiv",
    primaryClass = "hep-ph",
    doi = "10.1140/epjc/s10052-012-2103-1",
    journal = "Eur. Phys. J. C",
    volume = "72",
    pages = "2103",
    year = "2012"
}

#off diagonal \mu\tau
@article{Crivellin:2015mga,
    author = "Crivellin, Andreas and D'Ambrosio, Giancarlo and Heeck, Julian",
    title = "{Explaining $h\to\mu^\pm\tau^\mp$, $B\to K^* \mu^+\mu^-$ and $B\to K \mu^+\mu^-/B\to K e^+e^-$ in a two-Higgs-doublet model with gauged $L_\mu-L_\tau$}",
    eprint = "1501.00993",
    archivePrefix = "arXiv",
    primaryClass = "hep-ph",
    reportNumber = "CERN-PH-TH-2015-001, ULB-TH-14-26",
    doi = "10.1103/PhysRevLett.114.151801",
    journal = "Phys. Rev. Lett.",
    volume = "114",
    pages = "151801",
    year = "2015"
}

######## LFV Limits ########

# Review of limits #

@article{Marciano:2008zz,
    author = "Marciano, William J. and Mori, Toshinori and Roney, J. Michael",
    title = "{Charged Lepton Flavor Violation Experiments}",
    doi = "10.1146/annurev.nucl.58.110707.171126",
    journal = "Ann. Rev. Nucl. Part. Sci.",
    volume = "58",
    pages = "315--341",
    year = "2008"
}

@article{Davidson:2022jai,
    author = "Davidson, Sacha and Echenard, Bertrand and Bernstein, Robert H. and Heeck, Julian and Hitlin, David G.",
    title = "{Charged Lepton Flavor Violation}",
    eprint = "2209.00142",
    archivePrefix = "arXiv",
    primaryClass = "hep-ex",
    month = "8",
    year = "2022"
}

# Radiative decay #
@article{Mori:2016vwi,
    author = "Mori, Toshinori",
    collaboration = "MEG",
    title = "{Final Results of the MEG Experiment}",
    eprint = "1606.08168",
    archivePrefix = "arXiv",
    primaryClass = "hep-ex",
    doi = "10.1393/ncc/i2016-16325-7",
    journal = "Nuovo Cim. C",
    volume = "39",
    number = "4",
    pages = "325",
    year = "2017"
}

@article{MEGII:2018kmf,
    author = "Baldini, A. M. and others",
    collaboration = "MEG II",
    title = "{The design of the MEG II experiment}",
    eprint = "1801.04688",
    archivePrefix = "arXiv",
    primaryClass = "physics.ins-det",
    doi = "10.1140/epjc/s10052-018-5845-6",
    journal = "Eur. Phys. J. C",
    volume = "78",
    number = "5",
    pages = "380",
    year = "2018"
}

@article{Endo:2020mev,
    author = "Endo, Motoi and Iguro, Syuhei and Kitahara, Teppei",
    title = "{Probing $e\mu$ flavor-violating ALP at Belle II}",
    eprint = "2002.05948",
    archivePrefix = "arXiv",
    primaryClass = "hep-ph",
    reportNumber = "KEK-TH-2189",
    doi = "10.1007/JHEP06(2020)040",
    journal = "JHEP",
    volume = "06",
    pages = "040",
    year = "2020"
}

@article{Meucci:2022qbh,
    author = "Meucci, Manuel",
    collaboration = "MEG II",
    title = "{MEG II experiment status and prospect}",
    eprint = "2201.08200",
    archivePrefix = "arXiv",
    primaryClass = "hep-ex",
    doi = "10.22323/1.402.0120",
    journal = "PoS",
    volume = "NuFact2021",
    pages = "120",
    year = "2022"
}


@article{MEGII:2023ltw,
    author = "Afanaciev, K. and others",
    collaboration = "MEG II",
    title = "{A search for $\mu^+ \rightarrow e^+ \gamma $ with the first dataset of the MEG~II experiment}",
    eprint = "2310.12614",
    archivePrefix = "arXiv",
    primaryClass = "hep-ex",
    doi = "10.1140/epjc/s10052-024-12416-2",
    journal = "Eur. Phys. J. C",
    volume = "84",
    number = "3",
    pages = "216",
    year = "2024",
    note = "[Erratum: Eur.Phys.J.C 84, 1042 (2024)]"
}

@article{BaBar:2010axs,
    author = "Lees, J. P. and others",
    collaboration = "BaBar",
    title = "{Limits on tau Lepton-Flavor Violating Decays in three charged leptons}",
    eprint = "1002.4550",
    archivePrefix = "arXiv",
    primaryClass = "hep-ex",
    reportNumber = "BABAR-PUB-09-033, SLAC-PUB-14009",
    doi = "10.1103/PhysRevD.81.111101",
    journal = "Phys. Rev. D",
    volume = "81",
    pages = "111101",
    year = "2010"
}

@article{Belle:2021ysv,
    author = "Abdesselam, A. and others",
    collaboration = "Belle",
    title = "{Search for lepton-flavor-violating tau-lepton decays to $\ell\gamma$ at Belle}",
    eprint = "2103.12994",
    archivePrefix = "arXiv",
    primaryClass = "hep-ex",
    doi = "10.1007/JHEP10(2021)019",
    journal = "JHEP",
    volume = "10",
    pages = "19",
    year = "2021"
}

@article{Banerjee:2022vdd,
    author = "Banerjee, Swagato",
    title = "{Searches for Lepton Flavor Violation in Tau Decays at Belle II}",
    eprint = "2209.11639",
    archivePrefix = "arXiv",
    primaryClass = "hep-ex",
    doi = "10.3390/universe8090480",
    journal = "Universe",
    volume = "8",
    number = "9",
    pages = "480",
    year = "2022"
}

# Trilepton decay modes #

# amplitude calculation

@article{Abada:2014kba,
    author = "Abada, A. and Krauss, Manuel E. and Porod, W. and Staub, F. and Vicente, A. and Weiland, Cedric",
    title = "{Lepton flavor violation in low-scale seesaw models: SUSY and non-SUSY contributions}",
    eprint = "1408.0138",
    archivePrefix = "arXiv",
    primaryClass = "hep-ph",
    reportNumber = "LPT-ORSAY-14-43, BONN-TH-14-11, IFT-UAM-CSIC-14-061, FTUAM-14-25",
    doi = "10.1007/JHEP11(2014)048",
    journal = "JHEP",
    volume = "11",
    pages = "048",
    year = "2014"
}


# \mu \rightarrow 3 e #

# constraint #
@article{SINDRUM:1987nra,
    author = "Bellgardt, U. and others",
    collaboration = "SINDRUM",
    title = "{Search for the Decay $\mu^+ \rightarrow e^+ e^+ e^-$}",
    reportNumber = "SIN-PR-87-09",
    doi = "10.1016/0550-3213(88)90462-2",
    journal = "Nucl. Phys. B",
    volume = "299",
    pages = "1--6",
    year = "1988"
}
# projection #
@article{Mu3e:2020gyw,
    author = "Arndt, K. and others",
    collaboration = "Mu3e",
    title = "{Technical design of the phase I Mu3e experiment}",
    eprint = "2009.11690",
    archivePrefix = "arXiv",
    primaryClass = "physics.ins-det",
    doi = "10.1016/j.nima.2021.165679",
    journal = "Nucl. Instrum. Meth. A",
    volume = "1014",
    pages = "165679",
    year = "2021"
}

# tau trilepton decays 

# constraint 
@article{Hayasaka:2010np,
    author = "Hayasaka, K. and others",
    title = "{Search for Lepton Flavor Violating Tau Decays into Three Leptons with 719 Million Produced Tau+Tau- Pairs}",
    eprint = "1001.3221",
    archivePrefix = "arXiv",
    primaryClass = "hep-ex",
    doi = "10.1016/j.physletb.2010.03.037",
    journal = "Phys. Lett. B",
    volume = "687",
    pages = "139--143",
    year = "2010"
}

#projection 

@article{Belle-II:2018jsg,
    author = "Altmannshofer, W. and others",
    editor = "Kou, E. and Urquijo, P.",
    collaboration = "Belle-II",
    title = "{The Belle II Physics Book}",
    eprint = "1808.10567",
    archivePrefix = "arXiv",
    primaryClass = "hep-ex",
    reportNumber = "KEK Preprint 2018-27, BELLE2-PUB-PH-2018-001, FERMILAB-PUB-18-398-T, JLAB-THY-18-2780, INT-PUB-18-047, UWThPh 2018-26",
    doi = "10.1093/ptep/ptz106",
    journal = "PTEP",
    volume = "2019",
    number = "12",
    pages = "123C01",
    year = "2019",
    note = "[Erratum: PTEP 2020, 029201 (2020)]"
}

####### lepton EDMs #########

# general #
@article{Pospelov:2005pr,
    author = "Pospelov, Maxim and Ritz, Adam",
    title = "{Electric dipole moments as probes of new physics}",
    eprint = "hep-ph/0504231",
    archivePrefix = "arXiv",
    doi = "10.1016/j.aop.2005.04.002",
    journal = "Annals Phys.",
    volume = "318",
    pages = "119--169",
    year = "2005"
}


# electron #

@article{Cesarotti:2018huy,
    author = "Cesarotti, Cari and Lu, Qianshu and Nakai, Yuichiro and Parikh, Aditya and Reece, Matthew",
    title = "{Interpreting the Electron EDM Constraint}",
    eprint = "1810.07736",
    archivePrefix = "arXiv",
    primaryClass = "hep-ph",
    doi = "10.1007/JHEP05(2019)059",
    journal = "JHEP",
    volume = "05",
    pages = "059",
    year = "2019"
}

@article{Yamaguchi:2020eub,
    author = "Yamaguchi, Yasuhiro and Yamanaka, Nodoka",
    title = "{Large long-distance contributions to the electric dipole moments of charged leptons in the standard model}",
    eprint = "2003.08195",
    archivePrefix = "arXiv",
    primaryClass = "hep-ph",
    doi = "10.1103/PhysRevLett.125.241802",
    journal = "Phys. Rev. Lett.",
    volume = "125",
    pages = "241802",
    year = "2020"
}

@article{Ema:2022yra,
    author = "Ema, Yohei and Gao, Ting and Pospelov, Maxim",
    title = "{Standard Model Prediction for Paramagnetic Electric Dipole Moments}",
    eprint = "2202.10524",
    archivePrefix = "arXiv",
    primaryClass = "hep-ph",
    reportNumber = "UMN-TH-4115/22, FTPI-MINN-22-06",
    doi = "10.1103/PhysRevLett.129.231801",
    journal = "Phys. Rev. Lett.",
    volume = "129",
    number = "23",
    pages = "231801",
    year = "2022"
}

@article{Roussy:2022cmp,
    author = "Roussy, Tanya S. and others",
    title = "{An improved bound on the electron\textquoteright{}s electric dipole moment}",
    eprint = "2212.11841",
    archivePrefix = "arXiv",
    primaryClass = "physics.atom-ph",
    doi = "10.1126/science.adg4084",
    journal = "Science",
    volume = "381",
    number = "6653",
    pages = "adg4084",
    year = "2023"
}

# muon #
@article{Ema:2021jds,
    author = "Ema, Yohei and Gao, Ting and Pospelov, Maxim",
    title = "{Improved Indirect Limits on Muon Electric Dipole Moment}",
    eprint = "2108.05398",
    archivePrefix = "arXiv",
    primaryClass = "hep-ph",
    reportNumber = "DESY 21-118, DESY-21-118",
    doi = "10.1103/PhysRevLett.128.131803",
    journal = "Phys. Rev. Lett.",
    volume = "128",
    number = "13",
    pages = "131803",
    year = "2022"
}

# tau #
@article{Mahanta:1996er,
    author = "Mahanta, Uma",
    title = "{Dipole moments of $\tau$ as a sensitive probe for beyond standard model physics}",
    eprint = "hep-ph/9604380",
    archivePrefix = "arXiv",
    reportNumber = "MRI-PHY-16-96",
    doi = "10.1103/PhysRevD.54.3377",
    journal = "Phys. Rev. D",
    volume = "54",
    pages = "3377--3381",
    year = "1996"
}


######## lepton g-2 ########

# electron #

#theory
@article{Tomonaga:1948zz,
    author = "Tomonaga, Sin-Itiro and Oppenheimer, J. R.",
    title = "{On Infinite Field Reactions in Quantum Field Theory}",
    doi = "10.1103/PhysRev.74.224",
    journal = "Phys. Rev.",
    volume = "74",
    pages = "224--225",
    year = "1948"
}
@article{Schwinger:1948iu,
    author = "Schwinger, Julian S.",
    title = "{On Quantum electrodynamics and the magnetic moment of the electron}",
    doi = "10.1103/PhysRev.73.416",
    journal = "Phys. Rev.",
    volume = "73",
    pages = "416--417",
    year = "1948"
}
@article{Feynman:1948ur,
    author = "Feynman, R. P.",
    title = "{Space-time approach to nonrelativistic quantum mechanics}",
    doi = "10.1103/RevModPhys.20.367",
    journal = "Rev. Mod. Phys.",
    volume = "20",
    pages = "367--387",
    year = "1948"
}

#experiment 
@article{Fan:2022eto,
    author = "Fan, X. and Myers, T. G. and Sukra, B. A. D. and Gabrielse, G.",
    title = "{Measurement of the Electron Magnetic Moment}",
    eprint = "2209.13084",
    archivePrefix = "arXiv",
    primaryClass = "physics.atom-ph",
    doi = "10.1103/PhysRevLett.130.071801",
    journal = "Phys. Rev. Lett.",
    volume = "130",
    number = "7",
    pages = "071801",
    year = "2023"
}


#alpha Rb
@article{Morel:2020dww,
    author = {Morel, L\'eo and Yao, Zhibin and Clad\'e, Pierre and Guellati-Kh\'elifa, Sa\"\i{}da},
    title = "{Determination of the fine-structure constant with an accuracy of 81 parts per trillion}",
    doi = "10.1038/s41586-020-2964-7",
    journal = "Nature",
    volume = "588",
    number = "7836",
    pages = "61--65",
    year = "2020"
}

#alpha Cs
@article{Parker:2018vye,
    author = {Parker, Richard H. and Yu, Chenghui and Zhong, Weicheng and Estey, Brian and M\"uller, Holger},
    title = "{Measurement of the fine-structure constant as a test of the Standard Model}",
    eprint = "1812.04130",
    archivePrefix = "arXiv",
    primaryClass = "physics.atom-ph",
    doi = "10.1126/science.aap7706",
    journal = "Science",
    volume = "360",
    pages = "191",
    year = "2018"
}



# muon #

#brookhaven first reported anomaly
@article{Muong-2:2001kxu,
    author = "Brown, H. N. and others",
    collaboration = "Muon g-2",
    title = "{Precise measurement of the positive muon anomalous magnetic moment}",
    eprint = "hep-ex/0102017",
    archivePrefix = "arXiv",
    doi = "10.1103/PhysRevLett.86.2227",
    journal = "Phys. Rev. Lett.",
    volume = "86",
    pages = "2227--2231",
    year = "2001"
}

#brookhaven final
@article{Muong-2:2006rrc,
    author = "Bennett, G. W. and others",
    collaboration = "Muon g-2",
    title = "{Final Report of the Muon E821 Anomalous Magnetic Moment Measurement at BNL}",
    eprint = "hep-ex/0602035",
    archivePrefix = "arXiv",
    doi = "10.1103/PhysRevD.73.072003",
    journal = "Phys. Rev. D",
    volume = "73",
    pages = "072003",
    year = "2006"
}

#fermilab run 1
@article{Muong-2:2021ojo,
    author = "Abi, B. and others",
    collaboration = "Muon g-2",
    title = "{Measurement of the Positive Muon Anomalous Magnetic Moment to 0.46 ppm}",
    eprint = "2104.03281",
    archivePrefix = "arXiv",
    primaryClass = "hep-ex",
    reportNumber = "FERMILAB-PUB-21-132-E",
    doi = "10.1103/PhysRevLett.126.141801",
    journal = "Phys. Rev. Lett.",
    volume = "126",
    number = "14",
    pages = "141801",
    year = "2021"
}

#fermilab run 2, 3
@article{Venanzoni:2023mbe,
    author = "Venanzoni, Graziano",
    collaboration = "Muon g-2",
    title = "{New results from the Muon g-2 Experiment}",
    eprint = "2311.08282",
    archivePrefix = "arXiv",
    primaryClass = "hep-ex",
    reportNumber = "FERMILAB-CONF-23-694-PPD",
    doi = "10.22323/1.449.0037",
    journal = "PoS",
    volume = "EPS-HEP2023",
    pages = "037",
    year = "2024"
}

#theory
@article{Aoyama:2020ynm,
    author = "Aoyama, T. and others",
    title = "{The anomalous magnetic moment of the muon in the Standard Model}",
    eprint = "2006.04822",
    archivePrefix = "arXiv",
    primaryClass = "hep-ph",
    reportNumber = "FERMILAB-PUB-20-207-T, INT-PUB-20-021, KEK Preprint 2020-5,
  MITP/20-028, KEK Preprint 2020-5, MITP/20-028, CERN-TH-2020-075, IFT-UAM/CSIC-20-74, LMU-ASC 18/20, LTH 1234,
  LU TP 20-20, LTH 1234, LU TP 20-20, MAN/HEP/2020/003, PSI-PR-20-06, UWThPh 2020-14, ZU-TH 18/20",
    doi = "10.1016/j.physrep.2020.07.006",
    journal = "Phys. Rept.",
    volume = "887",
    pages = "1--166",
    year = "2020"
}

# HVP lattice
@article{Lehner:2020crt,
    author = "Lehner, Christoph and Meyer, Aaron S.",
    title = "{Consistency of hadronic vacuum polarization between lattice QCD and the R-ratio}",
    eprint = "2003.04177",
    archivePrefix = "arXiv",
    primaryClass = "hep-lat",
    doi = "10.1103/PhysRevD.101.074515",
    journal = "Phys. Rev. D",
    volume = "101",
    pages = "074515",
    year = "2020"
}

@article{Borsanyi:2020mff,
    author = "Borsanyi, Sz. and others",
    title = "{Leading hadronic contribution to the muon magnetic moment from lattice QCD}",
    eprint = "2002.12347",
    archivePrefix = "arXiv",
    primaryClass = "hep-lat",
    doi = "10.1038/s41586-021-03418-1",
    journal = "Nature",
    volume = "593",
    number = "7857",
    pages = "51--55",
    year = "2021"
}

@article{Boccaletti:2024guq,
    author = "Boccaletti, A. and others",
    title = "{High precision calculation of the hadronic vacuum polarisation contribution to the muon anomaly}",
    eprint = "2407.10913",
    archivePrefix = "arXiv",
    primaryClass = "hep-lat",
    month = "7",
    year = "2024"
}
@article{Bazavov:2024eou,
    author = "Bazavov, Alexei and others",
    title = "{Hadronic vacuum polarization for the muon $g-2$ from lattice QCD: Long-distance and full light-quark connected contribution}",
    eprint = "2412.18491",
    archivePrefix = "arXiv",
    primaryClass = "hep-lat",
    reportNumber = "FERMILAB-PUB-24-0957-T",
    month = "12",
    year = "2024"
}




# Nuclear and Atomic Form Factors #

# coherent nuclear form factor
@article{Klein:1999qj,
    author = "Klein, Spencer and Nystrand, Joakim",
    title = "{Exclusive vector meson production in relativistic heavy ion collisions}",
    eprint = "hep-ph/9902259",
    archivePrefix = "arXiv",
    reportNumber = "LBNL-42768, LBL-42768",
    doi = "10.1103/PhysRevC.60.014903",
    journal = "Phys. Rev. C",
    volume = "60",
    pages = "014903",
    year = "1999"
}

# nuclear and atomic form-factors

@article{Kim:1973he,
    author = "Kim, Kwang Je and Tsai, Yung-Su",
    title = "{IMPROVED WEIZSACKER-WILLIAMS METHOD AND ITS APPLICATION TO LEPTON AND W BOSON PAIR PRODUCTION}",
    reportNumber = "SLAC-PUB-1106-rev, SLAC-PUB-1106",
    doi = "10.1103/PhysRevD.8.3109",
    journal = "Phys. Rev. D",
    volume = "8",
    pages = "3109",
    year = "1973"
}

@article{Tsai:1973py,
    author = "Tsai, Yung-Su",
    title = "{Pair Production and Bremsstrahlung of Charged Leptons}",
    reportNumber = "SLAC-PUB-1365",
    doi = "10.1103/RevModPhys.46.815",
    journal = "Rev. Mod. Phys.",
    volume = "46",
    pages = "815",
    year = "1974",
    note = "[Erratum: Rev.Mod.Phys. 49, 421--423 (1977)]"
}

# dipole approximation
@article{Qattan:2024pco,
    author = "Qattan, I. A. and others",
    title = "{High precision measurements of the proton elastic electromagnetic form factors and their ratio at $Q^2$ = 0.50, 2.64, 3.20, and 4.10 GeV$^2$}",
    eprint = "2411.05201",
    archivePrefix = "arXiv",
    primaryClass = "nucl-ex",
    month = "11",
    year = "2024"
}

##### Past fixed target experiments #####

# Rutherford gold foil
@article{Rutherford:1911zz,
    author = "Rutherford, E.",
    title = "{The scattering of alpha and beta particles by matter and the structure of the atom}",
    doi = "10.1080/14786440508637080",
    journal = "Phil. Mag. Ser. 6",
    volume = "21",
    pages = "669--688",
    year = "1911"
}

# Rutherford proton
@article{FRS:1919nrm,
    author = "F. R. S., Professor Sir E. Rutherford",
    title = "{LIV. Collision of \ensuremath{\alpha} particles with light atoms. IV. An anomalous effect in nitrogen}",
    doi = "10.1080/14786440608635919",
    journal = "Phil. Mag. Ser. 6",
    volume = "37",
    number = "222",
    pages = "581--587",
    year = "1919"
}

# Chadwick neutron
@article{Chadwick:1932wcf,
    author = "Chadwick, J.",
    title = "{The Existence of a Neutron}",
    doi = "10.1098/rspa.1932.0112",
    journal = "Proc. Roy. Soc. Lond. A",
    volume = "136",
    number = "830",
    pages = "692--708",
    year = "1932"
}

#SLAC-MIT
@article{Bloom:1969kc,
    author = "Bloom, Elliott D. and others",
    title = "{High-Energy Inelastic e p Scattering at 6-Degrees and 10-Degrees}",
    reportNumber = "SLAC-PUB-0642",
    doi = "10.1103/PhysRevLett.23.930",
    journal = "Phys. Rev. Lett.",
    volume = "23",
    pages = "930--934",
    year = "1969"
}
@article{Breidenbach:1969kd,
    author = "Breidenbach, Martin and Friedman, Jerome I. and Kendall, Henry W. and Bloom, Elliott D. and Coward, D. H. and DeStaebler, H. C. and Drees, J. and Mo, Luke W. and Taylor, Richard E.",
    title = "{Observed behavior of highly inelastic electron-proton scattering}",
    reportNumber = "SLAC-PUB-0650",
    doi = "10.1103/PhysRevLett.23.935",
    journal = "Phys. Rev. Lett.",
    volume = "23",
    pages = "935--939",
    year = "1969"
}

# E137
@inproceedings{Bjorken:1984mt,
    author = "Bjorken, J. D. and Ecklund, S. and Nelson, W. R. and Abashian, A. and Mo, L. and Rassmann, P. and Church, C. and Nunamaker, T.",
    title = "{Search for Neutral, Penetrating, Metastable Particles Produced in the SLAC Beam Dump}",
    booktitle = "{4th Moriond Workshop: Massive Neutrinos in Particle Astrophysics}",
    reportNumber = "FERMILAB-CONF-84-033-T",
    pages = "227--242",
    year = "1984"
}

#E141
@inproceedings{Riordan:1986wi,
    author = "Riordan, E. M. and others",
    title = "{An Electron Beam Dump Search for Light, Shortlived Particles}",
    booktitle = "{23rd International Conference on High-Energy Physics}",
    reportNumber = "UR-959, ER13065-453",
    month = "7",
    year = "1986"
}

#NA64
@inproceedings{Gninenko:2017acc,
    author = "Gninenko, S. N. and Krasnikov, N. V.",
    title = "{Search for light dark vector boson: NA64 experiment}",
    booktitle = "{Quantum Field Theory at the Limits}: {from Strong Fields to Heavy Quarks}",
    doi = "10.3204/DESY-PROC-2016-04/Krasnikov",
    pages = "167--176",
    year = "2017"
}

#CHARM
@article{CHARM:1985nku,
    author = "Bergsma, F. and others",
    collaboration = "CHARM",
    title = "{A Search for Decays of Heavy Neutrinos in the Mass Range 0.5-{GeV} to 2.8-{GeV}}",
    reportNumber = "CERN-EP-85-190",
    doi = "10.1016/0370-2693(86)91601-1",
    journal = "Phys. Lett. B",
    volume = "166",
    pages = "473--478",
    year = "1986"
}

#E613
@article{Ball:1980ojt,
    author = "Ball, R. and others",
    editor = "Barger, V. and Cline, D.",
    title = "{The Neutrino Beam Dump Experiment at Fermilab (E613)}",
    reportNumber = "PRINT-81-0319 (MICHIGAN), TELE-1980-032, FERMILAB-CONF-80-119-E",
    journal = "eConf",
    volume = "C801002",
    pages = "172--174",
    year = "1980"
}

#NA64-mu
@article{Gertsenberger:2023ree,
    author = "Gertsenberger, S. V.",
    title = "{THE NA64$\mu$ Experiment at the CERN SPS}",
    doi = "10.1134/S1063778823060133",
    journal = "Phys. Atom. Nucl.",
    volume = "86",
    number = "6",
    pages = "1310--1314",
    year = "2023"
}


# beam dump bounds
@inproceedings{Batell:2022dpx,
    author = "Batell, Brian and Blinov, Nikita and Hearty, Christopher and McGehee, Robert",
    title = "{Exploring Dark Sector Portals with High Intensity Experiments}",
    booktitle = "{Snowmass 2021}",
    eprint = "2207.06905",
    archivePrefix = "arXiv",
    primaryClass = "hep-ph",
    month = "7",
    year = "2022"
}

#HERA
@inproceedings{Wichmann:2007zf,
    author = "Wichmann, Katarzyna",
    collaboration = "H1, ZEUS",
    title = "{Recent Results from HERA Experiments}",
    booktitle = "{17th Symposium on Hadron Collider Physics 2006 (HCP 2006)}",
    eprint = "0707.2724",
    archivePrefix = "arXiv",
    primaryClass = "hep-ex",
    month = "7",
    year = "2007"
}

@article{Anderle:2021wcy,
    author = "Anderle, Daniele P. and others",
    title = "{Electron-ion collider in China}",
    eprint = "2102.09222",
    archivePrefix = "arXiv",
    primaryClass = "nucl-ex",
    reportNumber = "Frontiers of Physics, Volume 16 Issue (6):64701, 2021",
    doi = "10.1007/s11467-021-1062-0",
    journal = "Front. Phys. (Beijing)",
    volume = "16",
    number = "6",
    pages = "64701",
    year = "2021"
}


##### Peripheral production of particles ######

# scalar
@article{Liu:2016mqv,
    author = "Liu, Yu-Sheng and McKeen, David and Miller, Gerald A.",
    title = {{Validity of the Weizs\"acker-Williams approximation and the analysis of beam dump experiments: Production of a new scalar boson}},
    eprint = "1609.06781",
    archivePrefix = "arXiv",
    primaryClass = "hep-ph",
    doi = "10.1103/PhysRevD.95.036010",
    journal = "Phys. Rev. D",
    volume = "95",
    number = "3",
    pages = "036010",
    year = "2017"
}

#pseudoscalar, vector, and axial vector
@article{Liu:2017htz,
    author = "Liu, Yu-Sheng and Miller, Gerald A.",
    title = {{Validity of the Weizs\"acker-Williams approximation and the analysis of beam dump experiments: Production of an axion, a dark photon, or a new axial-vector boson}},
    eprint = "1705.01633",
    archivePrefix = "arXiv",
    primaryClass = "hep-ph",
    reportNumber = "NT@UW-17-05",
    doi = "10.1103/PhysRevD.96.016004",
    journal = "Phys. Rev. D",
    volume = "96",
    number = "1",
    pages = "016004",
    year = "2017"
}

#muon beam dump vector
@article{Chen:2017awl,
    author = "Chen, Chien-Yi and Pospelov, Maxim and Zhong, Yi-Ming",
    title = "{Muon Beam Experiments to Probe the Dark Sector}",
    eprint = "1701.07437",
    archivePrefix = "arXiv",
    primaryClass = "hep-ph",
    doi = "10.1103/PhysRevD.95.115005",
    journal = "Phys. Rev. D",
    volume = "95",
    number = "11",
    pages = "115005",
    year = "2017"
}

# Weizsacker & Williams

@article{vonWeizsacker:1934nji,
    author = "von Weizs{\"a}cker, C. F.",
    title = "{Radiation emitted in collisions of very fast electrons}",
    doi = "10.1007/BF01333110",
    journal = "Z. Phys.",
    volume = "88",
    pages = "612--625",
    year = "1934"
}

@article{Williams:1935dka,
    author = "Williams, E. J.",
    title = "{Correlation of certain collision problems with radiation theory}",
    journal = "Kong. Dan. Vid. Sel. Mat. Fys. Med.",
    volume = "13N4",
    number = "4",
    pages = "1--50",
    year = "1935"
}



##### EIC Detector Requirements #####

@article{AbdulKhalek:2021gbh,
    author = "Abdul Khalek, R. and others",
    title = "{Science Requirements and Detector Concepts for the Electron-Ion Collider}: {EIC Yellow Report}",
    eprint = "2103.05419",
    archivePrefix = "arXiv",
    primaryClass = "physics.ins-det",
    reportNumber = "BNL-220990-2021-FORE, JLAB-PHY-21-3198, LA-UR-21-20953",
    doi = "10.1016/j.nuclphysa.2022.122447",
    journal = "Nucl. Phys. A",
    volume = "1026",
    pages = "122447",
    year = "2022"
}

@article{Adkins:2022jfp,
    author = "Adkins, J. K. and others",
    title = "{Design of the ECCE detector for the Electron Ion Collider}",
    eprint = "2209.02580",
    archivePrefix = "arXiv",
    primaryClass = "physics.ins-det",
    reportNumber = "JLAB-PHY-24-4124",
    doi = "10.1016/j.nima.2025.170240",
    journal = "Nucl. Instrum. Meth. A",
    volume = "1073",
    pages = "170240",
    year = "2025"
}

# ditau estimate
@article{Bulmahn:2008fa,
    author = "Bulmahn, A. and Reno, M. H.",
    title = "{Cross sections and energy loss for lepton pair production in muon transport}",
    eprint = "0812.5008",
    archivePrefix = "arXiv",
    primaryClass = "hep-ph",
    doi = "10.1103/PhysRevD.79.053008",
    journal = "Phys. Rev. D",
    volume = "79",
    pages = "053008",
    year = "2009"
}

#e\tau conversion EIC
@article{Zhang:2022zuz,
    author = "Zhang, J. -L. and others",
    title = "{Search for e\textrightarrow{}\ensuremath{\tau} charged lepton flavor violation at the EIC with the ECCE detector}",
    eprint = "2207.10261",
    archivePrefix = "arXiv",
    primaryClass = "hep-ph",
    doi = "10.1016/j.nima.2023.168276",
    journal = "Nucl. Instrum. Meth. A",
    volume = "1053",
    pages = "168276",
    year = "2023"
}

######## Muon Collider ########
@article{Long:2020wfp,
    author = "Long, K. and Lucchesi, D. and Palmer, M. and Pastrone, N. and Schulte, D. and Shiltsev, V.",
    title = "{Muon colliders to expand frontiers of particle physics}",
    eprint = "2007.15684",
    archivePrefix = "arXiv",
    primaryClass = "physics.acc-ph",
    reportNumber = "FERMILAB-PUB-20-366-AD-APC",
    doi = "10.1038/s41567-020-01130-x",
    journal = "Nature Phys.",
    volume = "17",
    number = "3",
    pages = "289--292",
    year = "2021"
}
@inproceedings{Delahaye:2013jla,
    author = "Delahaye, J-P. and others",
    title = "{Enabling Intensity and Energy Frontier Science with a Muon Accelerator Facility in the U.S.: A White Paper Submitted to the 2013 U.S. Community Summer Study of the Division of Particles and Fields of the American Physical Society}",
    booktitle = "{Snowmass 2013}: {Snowmass on the Mississippi}",
    eprint = "1308.0494",
    archivePrefix = "arXiv",
    primaryClass = "physics.acc-ph",
    reportNumber = "FERMILAB-CONF-13-307-APC",
    month = "8",
    year = "2013"
}
@article{Accettura:2023ked,
    author = "Accettura, Carlotta and others",
    title = "{Towards a muon collider}",
    eprint = "2303.08533",
    archivePrefix = "arXiv",
    primaryClass = "physics.acc-ph",
    reportNumber = "FERMILAB-PUB-23-123-AD-PPD-T",
    doi = "10.1140/epjc/s10052-023-11889-x",
    journal = "Eur. Phys. J. C",
    volume = "83",
    number = "9",
    pages = "864",
    year = "2023",
    note = "[Erratum: Eur.Phys.J.C 84, 36 (2024)]"
}

######## Higgs decay studies #########

# LFV Higgs decays
@article{Evans:2019xer,
    author = "Evans, Jared A. and Tanedo, Philip and Zakeri, Mohammadreza",
    title = "{Exotic Lepton-Flavor Violating Higgs Decays}",
    eprint = "1910.07533",
    archivePrefix = "arXiv",
    primaryClass = "hep-ph",
    reportNumber = "UCR-TR-2019-FLIP-ECS-1022",
    doi = "10.1007/JHEP01(2020)028",
    journal = "JHEP",
    volume = "01",
    pages = "028",
    year = "2020"
}

# CMS, prompt
@article{CMS:2019lwf,
    author = "Sirunyan, Albert M and others",
    collaboration = "CMS",
    title = "{Search for physics beyond the standard model in multilepton final states in proton-proton collisions at $\sqrt{s} =$ 13 TeV}",
    eprint = "1911.04968",
    archivePrefix = "arXiv",
    primaryClass = "hep-ex",
    reportNumber = "CMS-EXO-19-002, CERN-EP-2019-237",
    doi = "10.1007/JHEP03(2020)051",
    journal = "JHEP",
    volume = "03",
    pages = "051",
    year = "2020"
}

# ATLAS, displaced
@article{ATLAS:2022zhj,
    author = "Aad, Georges and others",
    collaboration = "ATLAS",
    title = "{Search for neutral long-lived particles in $pp$ collisions at $ \sqrt{s} $ = 13 TeV that decay into displaced hadronic jets in the ATLAS calorimeter}",
    eprint = "2203.01009",
    archivePrefix = "arXiv",
    primaryClass = "hep-ex",
    reportNumber = "CERN-EP-2022-002",
    doi = "10.1007/JHEP06(2022)005",
    journal = "JHEP",
    volume = "06",
    pages = "005",
    year = "2022"
}

## LLP detectors

# MATHUSLA

@article{Curtin:2018mvb,
    author = "Curtin, David and others",
    title = "{Long-Lived Particles at the Energy Frontier: The MATHUSLA Physics Case}",
    eprint = "1806.07396",
    archivePrefix = "arXiv",
    primaryClass = "hep-ph",
    reportNumber = "FERMILAB-PUB-18-264-T",
    doi = "10.1088/1361-6633/ab28d6",
    journal = "Rept. Prog. Phys.",
    volume = "82",
    number = "11",
    pages = "116201",
    year = "2019"
}

@article{Lubatti:2019vkf,
    author = "Lubatti, Henry and others",
    editor = "Nessi, Marzio",
    collaboration = "MATHUSLA",
    title = "{Explore the lifetime frontier with MATHUSLA}",
    eprint = "1901.04040",
    archivePrefix = "arXiv",
    primaryClass = "hep-ex",
    reportNumber = "FERMILAB-PUB-19-016-CMS",
    doi = "10.1088/1748-0221/15/06/C06026",
    journal = "JINST",
    volume = "15",
    number = "06",
    pages = "C06026",
    year = "2020"
}

@article{Alpigiani:2020tva,
    author = "Alpigiani, Cristiano and others",
    collaboration = "MATHUSLA",
    title = "{An Update to the Letter of Intent for MATHUSLA: Search for Long-Lived Particles at the HL-LHC}",
    eprint = "2009.01693",
    archivePrefix = "arXiv",
    primaryClass = "physics.ins-det",
    reportNumber = "CERN-LHCC-2020-014, LHCC-I-031-ADD-1",
    month = "9",
    year = "2020"
}

@article{MATHUSLA:2025eth,
    author = "Aitken, Branden and others",
    collaboration = "MATHUSLA",
    title = "{MATHUSLA: An External Long-Lived Particle Detector to Maximize the Discovery Potential of the HL-LHC}",
    eprint = "2504.01999",
    archivePrefix = "arXiv",
    primaryClass = "physics.ins-det",
    reportNumber = "FERMILAB-PUB-25-0293-CSAID",
    month = "4",
    year = "2025"
}

# CODEX-b 
@article{CODEX-b:2019jve,
    author = "Aielli, Giulio and others",
    collaboration = "CODEX-b",
    title = "{Expression of interest for the CODEX-b detector}",
    eprint = "1911.00481",
    archivePrefix = "arXiv",
    primaryClass = "hep-ex",
    doi = "10.1140/epjc/s10052-020-08711-3",
    journal = "Eur. Phys. J. C",
    volume = "80",
    number = "12",
    pages = "1177",
    year = "2020"
}

#ANUBIS
@article{Shah:2024fpl,
    author = "Shah, Aashaq",
    collaboration = "ANUBIS",
    title = "{Searches for long-lived particles with the ANUBIS experiment}",
    eprint = "2401.11604",
    archivePrefix = "arXiv",
    primaryClass = "hep-ex",
    reportNumber = "PoS (EPS-HEP2023) 051",
    doi = "10.22323/1.449.0051",
    journal = "PoS",
    volume = "EPS-HEP2023",
    pages = "051",
    year = "2024"
}

#SHiP
@article{SHiP:2021nfo,
    author = "Ahdida, C. and others",
    collaboration = "SHiP",
    title = "{The SHiP experiment at the proposed CERN SPS Beam Dump Facility}",
    eprint = "2112.01487",
    archivePrefix = "arXiv",
    primaryClass = "physics.ins-det",
    doi = "10.1140/epjc/s10052-022-10346-5",
    journal = "Eur. Phys. J. C",
    volume = "82",
    number = "5",
    pages = "486",
    year = "2022"
}

#### Displaced Bosons ####
@article{Bauer:2018onh,
    author = "Bauer, Martin and Foldenauer, Patrick and Jaeckel, Joerg",
    title = "{Hunting All the Hidden Photons}",
    eprint = "1803.05466",
    archivePrefix = "arXiv",
    primaryClass = "hep-ph",
    doi = "10.1007/JHEP07(2018)094",
    journal = "JHEP",
    volume = "07",
    pages = "094",
    year = "2018"
}

@article{Ilten:2018crw,
    author = "Ilten, Philip and Soreq, Yotam and Williams, Mike and Xue, Wei",
    title = "{Serendipity in dark photon searches}",
    eprint = "1801.04847",
    archivePrefix = "arXiv",
    primaryClass = "hep-ph",
    reportNumber = "MIT-CTP/4976, CERN-TH-2017-282, MIT-CTP-4976",
    doi = "10.1007/JHEP06(2018)004",
    journal = "JHEP",
    volume = "06",
    pages = "004",
    year = "2018"
}

#### Displaced boson constraints and Projections ###

%NuCal/U70
@article{Blumlein:2011mv,
    author = "Blumlein, Johannes and Brunner, Jurgen",
    title = "{New Exclusion Limits for Dark Gauge Forces from Beam-Dump Data}",
    eprint = "1104.2747",
    archivePrefix = "arXiv",
    primaryClass = "hep-ex",
    reportNumber = "DESY-11-062, DO-TH-11-11, SFB-CPP-11-18, LPN-11-17, DESY-11--062, DO--TH-11-11, SFB-CPP--11--18, LPN-11--17",
    doi = "10.1016/j.physletb.2011.05.046",
    journal = "Phys. Lett. B",
    volume = "701",
    pages = "155--159",
    year = "2011"
}
@article{Blumlein:2013cua,
    author = {Bl\"umlein, Johannes and Brunner, J\"urgen},
    title = "{New Exclusion Limits on Dark Gauge Forces from Proton Bremsstrahlung in Beam-Dump Data}",
    eprint = "1311.3870",
    archivePrefix = "arXiv",
    primaryClass = "hep-ph",
    reportNumber = "DESY-13-202, DO-TH-13-29, SFB-CPP-13-87, LPN-13-087",
    doi = "10.1016/j.physletb.2014.02.029",
    journal = "Phys. Lett. B",
    volume = "731",
    pages = "320--326",
    year = "2014"
}

%E141
@article{Riordan:1987aw,
    author = "Riordan, E. M. and others",
    title = "{A Search for Short Lived Axions in an Electron Beam Dump Experiment}",
    reportNumber = "SLAC-PUB-4280, UR-993, FERMILAB-PUB-87-251",
    doi = "10.1103/PhysRevLett.59.755",
    journal = "Phys. Rev. Lett.",
    volume = "59",
    pages = "755",
    year = "1987"
}

%E137
@article{Bjorken:1988as,
    author = "Bjorken, J. D. and Ecklund, S. and Nelson, W. R. and Abashian, A. and Church, C. and Lu, B. and Mo, L. W. and Nunamaker, T. A. and Rassmann, P.",
    title = "{Search for Neutral Metastable Penetrating Particles Produced in the SLAC Beam Dump}",
    reportNumber = "FERMILAB-PUB-88-044, PRINT-88-0352 (FERMILAB)",
    doi = "10.1103/PhysRevD.38.3375",
    journal = "Phys. Rev. D",
    volume = "38",
    pages = "3375",
    year = "1988"
}

%Orsay
@article{Davier:1989wz,
    author = "Davier, M. and Nguyen Ngoc, H.",
    title = "{An Unambiguous Search for a Light Higgs Boson}",
    reportNumber = "LAL 89-24",
    doi = "10.1016/0370-2693(89)90174-3",
    journal = "Phys. Lett. B",
    volume = "229",
    pages = "150--155",
    year = "1989"
}

%E774
@article{Bross:1989mp,
    author = "Bross, A. and Crisler, M. and Pordes, Stephen H. and Volk, J. and Errede, S. and Wrbanek, J.",
    title = "{A Search for Shortlived Particles Produced in an Electron Beam Dump}",
    reportNumber = "FERMILAB-PUB-89-138-E",
    doi = "10.1103/PhysRevLett.67.2942",
    journal = "Phys. Rev. Lett.",
    volume = "67",
    pages = "2942--2945",
    year = "1991"
}

%NA48
@article{NA482:2015wmo,
    author = "Batley, J. R. and others",
    collaboration = "NA48/2",
    title = "{Search for the dark photon in $\pi^0$ decays}",
    eprint = "1504.00607",
    archivePrefix = "arXiv",
    primaryClass = "hep-ex",
    reportNumber = "CERN-PH-EP-2015-093",
    doi = "10.1016/j.physletb.2015.04.068",
    journal = "Phys. Lett. B",
    volume = "746",
    pages = "178--185",
    year = "2015"
}

%BaBar
@article{BaBar:2009lbr,
    author = "Aubert, Bernard and others",
    collaboration = "BaBar",
    title = "{Search for Dimuon Decays of a Light Scalar Boson in Radiative Transitions Upsilon ---\ensuremath{>} gamma A0}",
    eprint = "0905.4539",
    archivePrefix = "arXiv",
    primaryClass = "hep-ex",
    reportNumber = "BABAR-PUB-09-015, SLAC-PUB-13653",
    doi = "10.1103/PhysRevLett.103.081803",
    journal = "Phys. Rev. Lett.",
    volume = "103",
    pages = "081803",
    year = "2009"
}

@article{BaBar:2014zli,
    author = "Lees, J. P. and others",
    collaboration = "BaBar",
    title = "{Search for a Dark Photon in $e^+e^-$ Collisions at BaBar}",
    eprint = "1406.2980",
    archivePrefix = "arXiv",
    primaryClass = "hep-ex",
    reportNumber = "BABAR-PUB-14-002, SLAC-PUB-15979",
    doi = "10.1103/PhysRevLett.113.201801",
    journal = "Phys. Rev. Lett.",
    volume = "113",
    number = "20",
    pages = "201801",
    year = "2014"
}

%KLOE
@article{KLOE-2:2011hhj,
    author = "Archilli, F. and others",
    collaboration = "KLOE-2",
    title = "{Search for a vector gauge boson in $\phi$ meson decays with the KLOE detector}",
    eprint = "1110.0411",
    archivePrefix = "arXiv",
    primaryClass = "hep-ex",
    doi = "10.1016/j.physletb.2011.11.033",
    journal = "Phys. Lett. B",
    volume = "706",
    pages = "251--255",
    year = "2012"
}

@article{KLOE-2:2012lii,
    author = "Babusci, D. and others",
    collaboration = "KLOE-2",
    title = "{Limit on the production of a light vector gauge boson in phi meson decays with the KLOE detector}",
    eprint = "1210.3927",
    archivePrefix = "arXiv",
    primaryClass = "hep-ex",
    doi = "10.1016/j.physletb.2013.01.067",
    journal = "Phys. Lett. B",
    volume = "720",
    pages = "111--115",
    year = "2013"
}

@article{KLOE-2:2016ydq,
    author = "Anastasi, A. and others",
    collaboration = "KLOE-2",
    title = "{Limit on the production of a new vector boson in $\mathrm{e^+ e^-}\rightarrow {\rm U}\gamma$, U$\rightarrow \pi^+\pi^-$ with the KLOE experiment}",
    eprint = "1603.06086",
    archivePrefix = "arXiv",
    primaryClass = "hep-ex",
    doi = "10.1016/j.physletb.2016.04.019",
    journal = "Phys. Lett. B",
    volume = "757",
    pages = "356--361",
    year = "2016"
}

@article{Anastasi:2015qla,
    author = "Anastasi, A. and others",
    title = "{Limit on the production of a low-mass vector boson in $\mathrm{e}^{+}\mathrm{e}^{-} \to \mathrm{U}\gamma$, $\mathrm{U} \to \mathrm{e}^{+}\mathrm{e}^{-}$ with the KLOE experiment}",
    eprint = "1509.00740",
    archivePrefix = "arXiv",
    primaryClass = "hep-ex",
    doi = "10.1016/j.physletb.2015.10.003",
    journal = "Phys. Lett. B",
    volume = "750",
    pages = "633--637",
    year = "2015"
}

%Na64
@article{Banerjee:2019pds,
    author = "Banerjee, D. and others",
    title = "{Dark matter search in missing energy events with NA64}",
    eprint = "1906.00176",
    archivePrefix = "arXiv",
    primaryClass = "hep-ex",
    reportNumber = "CERN-EP-2019-116",
    doi = "10.1103/PhysRevLett.123.121801",
    journal = "Phys. Rev. Lett.",
    volume = "123",
    number = "12",
    pages = "121801",
    year = "2019"
}
%Belle-II
@article{Belle-II:2010dht,
    author = "Abe, T. and others",
    collaboration = "Belle-II",
    title = "{Belle II Technical Design Report}",
    eprint = "1011.0352",
    archivePrefix = "arXiv",
    primaryClass = "physics.ins-det",
    reportNumber = "KEK-REPORT-2010-1",
    month = "11",
    year = "2010"
}

%LHCb
@article{Ilten:2015hya,
    author = "Ilten, Philip and Thaler, Jesse and Williams, Mike and Xue, Wei",
    title = "{Dark photons from charm mesons at LHCb}",
    eprint = "1509.06765",
    archivePrefix = "arXiv",
    primaryClass = "hep-ph",
    reportNumber = "MIT-CTP-4702",
    doi = "10.1103/PhysRevD.92.115017",
    journal = "Phys. Rev. D",
    volume = "92",
    number = "11",
    pages = "115017",
    year = "2015"
}

@article{Ilten:2016tkc,
    author = "Ilten, Philip and Soreq, Yotam and Thaler, Jesse and Williams, Mike and Xue, Wei",
    title = "{Proposed Inclusive Dark Photon Search at LHCb}",
    eprint = "1603.08926",
    archivePrefix = "arXiv",
    primaryClass = "hep-ph",
    reportNumber = "MIT-CTP-4785",
    doi = "10.1103/PhysRevLett.116.251803",
    journal = "Phys. Rev. Lett.",
    volume = "116",
    number = "25",
    pages = "251803",
    year = "2016"
}

@article{LHCb:2017trq,
    author = "Aaij, Roel and others",
    collaboration = "LHCb",
    title = "{Search for Dark Photons Produced in 13 TeV $pp$ Collisions}",
    eprint = "1710.02867",
    archivePrefix = "arXiv",
    primaryClass = "hep-ex",
    reportNumber = "LHCB-PAPER-2017-038, CERN-EP-2017-248",
    doi = "10.1103/PhysRevLett.120.061801",
    journal = "Phys. Rev. Lett.",
    volume = "120",
    number = "6",
    pages = "061801",
    year = "2018"
}

%SHiP
@article{SHiP:2015vad,
    author = "Anelli, M. and others",
    collaboration = "SHiP",
    title = "{A facility to Search for Hidden Particles (SHiP) at the CERN SPS}",
    eprint = "1504.04956",
    archivePrefix = "arXiv",
    primaryClass = "physics.ins-det",
    reportNumber = "CERN-SPSC-2015-016, SPSC-P-350",
    month = "4",
    year = "2015"
}

@article{Alekhin:2015byh,
    author = "Alekhin, Sergey and others",
    title = "{A facility to Search for Hidden Particles at the CERN SPS: the SHiP physics case}",
    eprint = "1504.04855",
    archivePrefix = "arXiv",
    primaryClass = "hep-ph",
    reportNumber = "CERN-SPSC-2015-017, SPSC-P-350-ADD-1",
    doi = "10.1088/0034-4885/79/12/124201",
    journal = "Rept. Prog. Phys.",
    volume = "79",
    number = "12",
    pages = "124201",
    year = "2016"
}

%TEXONO
@article{Lindner:2018kjo,
    author = "Lindner, Manfred and Queiroz, Farinaldo S. and Rodejohann, Werner and Xu, Xun-Jie",
    title = "{Neutrino-electron scattering: general constraints on Z$^{\prime}$ and dark photon models}",
    eprint = "1803.00060",
    archivePrefix = "arXiv",
    primaryClass = "hep-ph",
    reportNumber = "IIPDM-2018-02",
    doi = "10.1007/JHEP05(2018)098",
    journal = "JHEP",
    volume = "05",
    pages = "098",
    year = "2018"
}

%Borexino

@article{Harnik:2012ni,
    author = "Harnik, Roni and Kopp, Joachim and Machado, Pedro A. N.",
    title = "{Exploring nu Signals in Dark Matter Detectors}",
    eprint = "1202.6073",
    archivePrefix = "arXiv",
    primaryClass = "hep-ph",
    reportNumber = "FERMILAB-PUB-12-048-T",
    doi = "10.1088/1475-7516/2012/07/026",
    journal = "JCAP",
    volume = "07",
    pages = "026",
    year = "2012"
}

%Belle-II Displaced
@article{Ferber:2022ewf,
    author = "Ferber, Torben and Garcia-Cely, Camilo and Schmidt-Hoberg, Kai",
    title = "{BelleII sensitivity to long\textendash{}lived dark photons}",
    eprint = "2202.03452",
    archivePrefix = "arXiv",
    primaryClass = "hep-ph",
    doi = "10.1016/j.physletb.2022.137373",
    journal = "Phys. Lett. B",
    volume = "833",
    pages = "137373",
    year = "2022"
}

%DUNE 
@article{Wise:2018rnb,
    author = "Wise, Mark B. and Zhang, Yue",
    title = "{Lepton Flavorful Fifth Force and Depth-dependent Neutrino Matter Interactions}",
    eprint = "1803.00591",
    archivePrefix = "arXiv",
    primaryClass = "hep-ph",
    reportNumber = "CALT-TH-2018-012, FERMILAB-PUB-18-055-T, NUHEP-TH-18-04",
    doi = "10.1007/JHEP06(2018)053",
    journal = "JHEP",
    volume = "06",
    pages = "053",
    year = "2018"
}

%FASER
@article{FASER:2018eoc,
    author = "Ariga, Akitaka and others",
    collaboration = "FASER",
    title = "{FASER\textquoteright{}s physics reach for long-lived particles}",
    eprint = "1811.12522",
    archivePrefix = "arXiv",
    primaryClass = "hep-ph",
    reportNumber = "UCI-TR-2018-19, KYUSHU-RCAPP-2018-06",
    doi = "10.1103/PhysRevD.99.095011",
    journal = "Phys. Rev. D",
    volume = "99",
    number = "9",
    pages = "095011",
    year = "2019"
}

%HPS
@article{Baltzell:2022rpd,
    author = "Baltzell, Nathan and others",
    title = "{The Heavy Photon Search Experiment}",
    eprint = "2203.08324",
    archivePrefix = "arXiv",
    primaryClass = "hep-ex",
    month = "3",
    year = "2022"
}

# STAR
@article{Xu:2022qme,
    author = "Xu, Isabel and Lewis, Nicole and Wang, Xiaofeng and Brandenburg, James Daniel and Ruan, Lijuan",
    title = "{Search for Dark Photons in $\gamma\gamma\rightarrow e^+e^-$ at RHIC}",
    eprint = "2211.02132",
    archivePrefix = "arXiv",
    primaryClass = "hep-ex",
    month = "11",
    year = "2022"
}


#### Muon beam dump ####
@article{Bjorken:2009mm,
    author = "Bjorken, James D. and Essig, Rouven and Schuster, Philip and Toro, Natalia",
    title = "{New Fixed-Target Experiments to Search for Dark Gauge Forces}",
    eprint = "0906.0580",
    archivePrefix = "arXiv",
    primaryClass = "hep-ph",
    reportNumber = "SLAC-PUB-13650, SU-ITP-09-22",
    doi = "10.1103/PhysRevD.80.075018",
    journal = "Phys. Rev. D",
    volume = "80",
    pages = "075018",
    year = "2009"
}

@article{Cesarotti:2022ttv,
    author = "Cesarotti, Cari and Homiller, Samuel and Mishra, Rashmish K. and Reece, Matthew",
    title = "{Probing New Gauge Forces with a High-Energy Muon Beam Dump}",
    eprint = "2202.12302",
    archivePrefix = "arXiv",
    primaryClass = "hep-ph",
    doi = "10.1103/PhysRevLett.130.071803",
    journal = "Phys. Rev. Lett.",
    volume = "130",
    number = "7",
    pages = "071803",
    year = "2023"
}

@article{Cesarotti:2023sje,
    author = "Cesarotti, Cari and Gambhir, Rikab",
    title = "{The new physics case for beam-dump experiments with accelerated muon beams}",
    eprint = "2310.16110",
    archivePrefix = "arXiv",
    primaryClass = "hep-ph",
    reportNumber = "MIT-CTP 5606",
    doi = "10.1007/JHEP05(2024)283",
    journal = "JHEP",
    volume = "05",
    pages = "283",
    year = "2024"
}



###### MuSIC ######
@article{Acosta:2021qpx,
    author = "Acosta, Darin and Li, Wei",
    title = "{A muon\textendash{}ion collider at BNL: The future QCD frontier and path to a new energy frontier of \ensuremath{\mu}+\ensuremath{\mu}\ensuremath{-} colliders}",
    eprint = "2107.02073",
    archivePrefix = "arXiv",
    primaryClass = "physics.acc-ph",
    doi = "10.1016/j.nima.2022.166334",
    journal = "Nucl. Instrum. Meth. A",
    volume = "1027",
    pages = "166334",
    year = "2022"
}
@article{Acosta:2022ejc,
    author = "Acosta, Darin and Barberis, Emanuela and Hurley, Nicholas and Li, Wei and Miguel Colin, Osvaldo and Wang, Yijie and Wood, Darien and Zuo, Xunwu",
    title = "{The potential of a TeV-scale muon-ion collider}",
    eprint = "2203.06258",
    archivePrefix = "arXiv",
    primaryClass = "hep-ex",
    doi = "10.1088/1748-0221/18/09/P09025",
    journal = "JINST",
    volume = "18",
    number = "09",
    pages = "P09025",
    year = "2023"
}


####### General ######

@article{Gell-Mann:1961omu,
    author = "Gell-Mann, Murray",
    title = "{The Eightfold Way: A Theory of strong interaction symmetry}",
    reportNumber = "CTSL-20, TID-12608",
    doi = "10.2172/4008239",
    month = "3",
    year = "1961"
}

@article{Gell-Mann:1968hlm,
    author = "Gell-Mann, Murray and Oakes, R. J. and Renner, B.",
    title = "{Behavior of current divergences under SU(3) x SU(3)}",
    doi = "10.1103/PhysRev.175.2195",
    journal = "Phys. Rev.",
    volume = "175",
    pages = "2195--2199",
    year = "1968"
}

@article{Haber:1984rc,
    author = "Haber, Howard E. and Kane, Gordon L.",
    title = "{The Search for Supersymmetry: Probing Physics Beyond the Standard Model}",
    reportNumber = "UM-HE-TH-83-17, SCIPP-85-47",
    doi = "10.1016/0370-1573(85)90051-1",
    journal = "Phys. Rept.",
    volume = "117",
    pages = "75--263",
    year = "1985"
}

@article{Csaki:1996ks,
    author = "Csaki, Csaba",
    title = "{The Minimal supersymmetric standard model (MSSM)}",
    eprint = "hep-ph/9606414",
    archivePrefix = "arXiv",
    reportNumber = "MIT-CTP-2542",
    doi = "10.1142/S021773239600062X",
    journal = "Mod. Phys. Lett. A",
    volume = "11",
    pages = "599",
    year = "1996"
}

#totalitarian principle
@misc{kragh2019physicstotalitarianprinciple,
      title={Physics and the Totalitarian Principle}, 
      author={Helge Kragh},
      year={2019},
      eprint={1907.04623},
      archivePrefix={arXiv},
      primaryClass={physics.hist-ph},
      url={https://arxiv.org/abs/1907.04623}, 
}

#Nobel Prize 1965
@misc{nobel1965physics,
  title        = {The Nobel Prize in Physics 1965},
  author       = {{Nobel Prize Outreach}},
  year         = {2025},
  howpublished = {\url{https://www.nobelprize.org/prizes/physics/1965/summary/}},
  note         = {Accessed: 2025-05-18},
}

# LFV dark photon
@article{Zhevlakov:2023jzt,
    author = "Zhevlakov, Alexey S. and Kirpichnikov, Dmitry V. and Lyubovitskij, Valery E.",
    title = "{Lepton flavor violating dark photon}",
    eprint = "2307.10771",
    archivePrefix = "arXiv",
    primaryClass = "hep-ph",
    doi = "10.1103/PhysRevD.109.015015",
    journal = "Phys. Rev. D",
    volume = "109",
    number = "1",
    pages = "015015",
    year = "2024"
}



@inproceedings{FPFWorkingGroups:2025rsc,
    author = "Anchordoqui, Luis A. and others",
    collaboration = "FPF Working Groups",
    title = "{The Forward Physics Facility at the Large Hadron Collider}",
    eprint = "2503.19010",
    archivePrefix = "arXiv",
    primaryClass = "hep-ex",
    month = "3",
    year = "2025"
}


# CKM matrix

@article{Cabibbo:1963yz,
    author = "Cabibbo, Nicola",
    title = "{Unitary Symmetry and Leptonic Decays}",
    doi = "10.1103/PhysRevLett.10.531",
    journal = "Phys. Rev. Lett.",
    volume = "10",
    pages = "531--533",
    year = "1963"
}

@article{Kobayashi:1973fv,
    author = "Kobayashi, Makoto and Maskawa, Toshihide",
    title = "{CP Violation in the Renormalizable Theory of Weak Interaction}",
    reportNumber = "KUNS-242",
    doi = "10.1143/PTP.49.652",
    journal = "Prog. Theor. Phys.",
    volume = "49",
    pages = "652--657",
    year = "1973"
}

# PMNS Matrix
@article{Pontecorvo:1967fh,
    author = "Pontecorvo, B.",
    title = "{Neutrino Experiments and the Problem of Conservation of Leptonic Charge}",
    journal = "Zh. Eksp. Teor. Fiz.",
    volume = "53",
    pages = "1717--1725",
    year = "1967"
}
@article{Maki:1962mu,
    author = "Maki, Ziro and Nakagawa, Masami and Sakata, Shoichi",
    title = "{Remarks on the unified model of elementary particles}",
    doi = "10.1143/PTP.28.870",
    journal = "Prog. Theor. Phys.",
    volume = "28",
    pages = "870--880",
    year = "1962"
}

# dark matter observations

@article{Clowe:2006eq,
    author = "Clowe, Douglas and Bradac, Marusa and Gonzalez, Anthony H. and Markevitch, Maxim and Randall, Scott W. and Jones, Christine and Zaritsky, Dennis",
    title = "{A direct empirical proof of the existence of dark matter}",
    eprint = "astro-ph/0608407",
    archivePrefix = "arXiv",
    reportNumber = "SLAC-PUB-12078",
    doi = "10.1086/508162",
    journal = "Astrophys. J. Lett.",
    volume = "648",
    pages = "L109--L113",
    year = "2006"
}

@article{van_Dokkum_2018,
   title={A galaxy lacking dark matter},
   volume={555},
   ISSN={1476-4687},
   url={http://dx.doi.org/10.1038/nature25767},
   DOI={10.1038/nature25767},
   number={7698},
   journal={Nature},
   publisher={Springer Science and Business Media LLC},
   author={van Dokkum, Pieter and Danieli, Shany and Cohen, Yotam and Merritt, Allison and Romanowsky, Aaron J. and Abraham, Roberto and Brodie, Jean and Conroy, Charlie and Lokhorst, Deborah and Mowla, Lamiya and O’Sullivan, Ewan and Zhang, Jielai},
   year={2018},
   month=mar, pages={629–632} }

#### Past papers ####

@article{Davoudiasl:2021haa,
    author = "Davoudiasl, Hooman and Marcarelli, Roman and Miesch, Nicholas and Neil, Ethan T.",
    title = "{Searching for flavor-violating ALPs in Higgs boson decays}",
    eprint = "2105.05866",
    archivePrefix = "arXiv",
    primaryClass = "hep-ph",
    doi = "10.1103/PhysRevD.104.055022",
    journal = "Phys. Rev. D",
    volume = "104",
    number = "5",
    pages = "055022",
    year = "2021"
}

@article{Davoudiasl:2021mjy,
    author = "Davoudiasl, Hooman and Marcarelli, Roman and Neil, Ethan T.",
    title = "{Lepton-flavor-violating ALPs at the Electron-Ion Collider: a golden opportunity}",
    eprint = "2112.04513",
    archivePrefix = "arXiv",
    primaryClass = "hep-ph",
    doi = "10.1007/JHEP02(2023)071",
    journal = "JHEP",
    volume = "02",
    pages = "071",
    year = "2023"
}

@article{Davoudiasl:2023pkq,
    author = "Davoudiasl, Hooman and Marcarelli, Roman and Neil, Ethan T.",
    title = "{Displaced signals of hidden vectors at the Electron-Ion Collider}",
    eprint = "2307.00102",
    archivePrefix = "arXiv",
    primaryClass = "hep-ph",
    doi = "10.1103/PhysRevD.108.075017",
    journal = "Phys. Rev. D",
    volume = "108",
    number = "7",
    pages = "075017",
    year = "2023"
}

@article{Davoudiasl:2024vje,
    author = "Davoudiasl, Hooman and Marcarelli, Roman and Neil, Ethan T.",
    title = "{Flavor-violating ALPs, electron g-2, and the Electron-Ion Collider}",
    eprint = "2402.17821",
    archivePrefix = "arXiv",
    primaryClass = "hep-ph",
    doi = "10.1103/PhysRevD.109.115013",
    journal = "Phys. Rev. D",
    volume = "109",
    number = "11",
    pages = "115013",
    year = "2024"
}

@article{Batell:2024cdl,
    author = "Batell, Brian and Davoudiasl, Hooman and Marcarelli, Roman and Neil, Ethan T. and Trojanowski, Sebastian",
    title = "{Lepton-flavor-violating ALP signals with TeV-scale muon beams}",
    eprint = "2407.15942",
    archivePrefix = "arXiv",
    primaryClass = "hep-ph",
    reportNumber = "PITT-PACC-2404",
    doi = "10.1103/PhysRevD.110.075039",
    journal = "Phys. Rev. D",
    volume = "110",
    number = "7",
    pages = "075039",
    year = "2024"
}

@article{Davoudiasl:2024fiz,
    author = "Davoudiasl, Hooman and Liu, Hongkai and Marcarelli, Roman and Soreq, Yotam and Trifinopoulos, Sokratis",
    title = "{New physics at the Muon (Synchrotron) Ion Collider: MuSIC for several scales}",
    eprint = "2412.13289",
    archivePrefix = "arXiv",
    primaryClass = "hep-ph",
    reportNumber = "MIT-CTP/5811",
    doi = "10.1007/JHEP03(2025)046",
    journal = "JHEP",
    volume = "03",
    pages = "046",
    year = "2025"
}

@misc{MarcarelliGithub2021,
  author = "Marcarelli, Roman",
  title = "{Exclusion Plot Fits}",
  year = {2021},
  publisher = {GitHub},
  journal = {GitHub repository},
  howpublished = {\url{https://github.com/rmarcarelli/Exclusion-Plot-Fits}},
  commit = {4f57d6a0e4c030202a07a60bc1bb1ed1544bf679}
}

@misc{MarcarelliGithub2025,
  author = "Marcarelli, Roman",
  title = "{Thesis}",
  year = {2025},
  publisher = {GitHub},
  journal = {GitHub repository},
  howpublished = {\url{https://github.com/rmarcarelli/thesis}},
  commit = {4f57d6a0e4c030202a07a60bc1bb1ed1544bf679}
}

@article{Scherer:2005ri,
    author = "Scherer, Stefan and Schindler, Matthias R.",
    title = "{A Chiral perturbation theory primer}",
    eprint = "hep-ph/0505265",
    archivePrefix = "arXiv",
    reportNumber = "MKPH-T-05-08",
    month = "5",
    year = "2005"
}